3180 5358
454 487 524 563 144
567 493 649 560 ors
677 473 1123 556 udrnuosruosus
1152 491 1385 578 o’ovrnr,

449 648 742 744 Rsstrorumque
759 645 857 741 fero,
875 656 1030 742 totoque
1048 671 1225 721 exerceor
1238 649 1367 722 anno?

447 777 559 866 Quod
577 775 702 874 pecori
716 772 888 870 frondes,
904 770 1157 870 alimentisque
1173 775 1301 872 mitia,
1316 775 1466 872 unges,

446 910 624 996 Humano
637 906 783 1006 generi,
799 905 908 982 vobis
921 903 1024 1001 quod
1042 917 1146 1001 tura,
1164 905 1373 981 ministro?

446 1037 518 1110 Sed
536 1050 662 1150 tomen
676 1034 839 1108 exitium
852 1033 910 1108 fec
926 1059 988 1105 me
1000 1032 1185 1107 memisse
1201 1063 1209 1106 ε
1224 1033 1319 1131 quid
1336 1033 1473 1130 undae,

385 1131 390 1150 .
445 1166 549 1254 Quid
563 1165 705 1242 meruit
720 1163 861 1238 frater?
874 1187 946 1236 cur
959 1161 1016 1234 illi
1034 1161 1172 1234 tradite
1184 1173 1285 1236 sorte

444 1297 613 1394 AEquora
628 1295 868 1387 decrescunt,
883 1303 921 1364 et
936 1292 983 1364 ab
1000 1291 1140 1366 aetlrere
1153 1293 1301 1392 longius
1313 1291 1482 1369 absunt?

440 1431 558 1528 Quod
573 1429 604 1504 si
619 1453 689 1502 nec
702 1426 846 1522 fratris,
862 1451 932 1498 nec
947 1437 984 1497 te
1001 1451 1085 1500 mea
1098 1427 1215 1526 gratia
1226 1429 1344 1526 tangit
1355 1459 1367 1524 ;

378 1551 382 1560 ’
444 1559 496 1634 At
507 1559 594 1634 coeli
607 1559 785 1632 miserere
801 1556 873 1631 tui.
892 1557 1149 1657 Circumspice
1160 1573 1395 1656 utrumque;

444 1687 579 1760 Fumat
593 1699 754 1785 uterque
767 1687 877 1784 polus
895 1716 903 1760 :
919 1689 1061 1784 quossi
1078 1689 1271 1764 vitiaverit
1284 1689 1401 1787 ignis,

446 1815 552 1888 Atrio
564 1828 688 1889 vestra
704 1830 830 1891 ruent.
848 1815 949 1890 Atlas
967 1843 1015 1891 en
1029 1818 1109 1917 ipse
1125 1821 1269 1894 laborat
1285 1828 1316 1894 ¹:

444 1949 598 2046 Vixque
614 1949 695 2022 suis
705 1948 878 2023 humeris
893 1949 1117 2024 candentem
1131 1951 1293 2024 sustinet
1305 1976 1428 2024 axem.

446 2080 486 2154 Si
500 2079 612 2176 frete,
628 2083 659 2153 si
676 2092 787 2153 terrae
803 2091 985 2176 pereunt,
1002 2079 1148 2177 siregia
1163 2079 1270 2178 coeli3
1317 2137 1321 2144 .

445 2213 492 2287 In
505 2210 617 2284 chaos
633 2210 833 2306 antiquum
852 2208 1129 2283 confundimur
1146 2239 1153 2283 :
1170 2211 1274 2307 eripe
1287 2207 1468 2304 flammis,

445 2343 484 2417 Si
501 2342 595 2441 quid
610 2341 735 2415 adhuc
747 2313 936 2438 superest3
954 2354 991 2411 et
1006 2365 1138 2412 rerum
1151 2340 1306 2414 consule
1319 2363 1489 2452 summae.

492 2474 651 2547 Dixerat
663 2471 745 2546 haec
757 2471 908 2545 Tellus:
924 2497 1048 2569 neque
1063 2472 1167 2544 enim
1180 2473 1338 2547 tolerare
1351 2497 1523 2572 vaporem

449 2599 612 2673 Ulterius
627 2597 768 2696 potuit,
785 2622 854 2670 nec
870 2596 995 2670 dicere
1011 2596 1124 2693 plura
1140 2627 1147 2670 :
1164 2617 1354 2695 suumque

446 2731 589 2810 Retulit
604 2755 645 2804 os
659 2727 701 2801 in
716 2754 774 2824 se,
790 2726 1043 2823 propioraque
1055 2727 1234 2802 Manibus
1248 2742 1368 2804 antra.

499 2973 616 3048 Vlll.
646 2975 821 3046 Fulmine
838 2973 1089 3091 Phadtpntem
1097 2977 1263 3073 percutit
1276 2977 1432 3074 Jupiter.
1567 3009 1568 3041 t

493 3219 552 3290 Ar
565 3232 671 3315 peter
683 3218 923 3314 omnipotens
938 3215 1102 3312 Superos
1115 3227 1287 3311 testatus,
1304 3229 1341 3289 et
1353 3217 1474 3314 ipsum

444 3345 523 3434 Qui
537 3345 691 3421 dederat
703 3371 859 3441 currus,
875 3345 951 3418 nisi
964 3371 1075 3442 opem
1090 3343 1185 3418 ferat
1197 3345 1326 3418 omnia
1338 3343 1413 3417 fsto

443 3479 648 3555 Interitura
663 3480 788 3576 gravi3
807 3505 996 3554 summam
1013 3479 1109 3577 petit
1120 3478 1263 3551 arduus
1277 3503 1419 3574 urcem,

449 3611 555 3684 Unde
571 3612 664 3685 solet
679 3611 763 3684 latis
779 3613 900 3685 nubes
914 3611 1094 3686 inducere
1108 3611 1240 3708 terris3

489 3812 499 3843 ¹
525 3809 625 3881 Qu’on
642 3827 770 3884 suppose
787 3819 862 3864 cette
874 3807 970 3884 image
986 3811 1170 3883 transportee
1186 3827 1238 3865 sur
1251 3808 1279 3864 ls
1293 3807 1361 3864 toile
1372 3825 1425 3884 por
1437 3827 1475 3868 nn

443 3903 568 3984 pincesu
581 3902 695 3976 habile,
710 3923 750 3962 ou
763 3921 836 3962 aura
851 3923 892 3962 uu
906 3905 1025 3964 teblean
1036 3903 1078 3964 du
1089 3905 1157 3982 plus
1167 3903 1263 3984 grand
1276 3921 1376 3984 genre.
