3180 5358
430 574 499 648 124
542 591 629 648 cas
657 563 1097 648 niranouruosss
1127 587 1357 668 n’ovrne,

426 735 574 808 Obvius
587 735 644 810 ire
659 734 776 833 polis,
792 759 842 806 ne
856 745 893 806 te
908 735 1015 806 citus
1024 729 1169 810 auferat
1176 733 1290 808 'an's'l

423 860 595 936 Forsitan
610 875 648 936 et
661 863 766 937 lucos
779 861 878 958 illic,
896 861 1087 960 urbesque
1103 863 1277 936 Deorum

424 991 619 1090 Concipias
634 994 783 1090 maimo,
803 992 1036 1091 delubraque
1050 992 1145 1068 ditia
1157 992 1271 1068 donis
1289 1031 1292 1038 ¹

422 1119 510 1194 Esse
528 1150 535 1195 ε
551 1149 618 1220 per
633 1122 787 1196 insidias
803 1123 877 1196 iter
890 1132 965 1218 est,
984 1119 1202 1218 formasque
1215 1119 1395 1196 ferarum.
1412 1162 1415 1170 v

422 1249 550 1351 thue
565 1255 668 1362 viam
685 1267 831 1350 teneas,
846 1253 1031 1350 nulloque
1047 1277 1174 1326 errore
1189 1249 1373 1348 trahans3

420 1385 493 1458 Per
508 1399 634 1462 tamen
650 1386 800 1463 adversi
813 1384 993 1484 gradieris
1010 1391 1153 1458 cornua
1166 1382 1304 1480 Tauri,

419 1515 715 1617 Haemoniosque
730 1545 840 1592 arcus
857 1525 880 1616 ³,
896 1516 1132 1614 violentique
1149 1521 1215 1590 'ora
1229 1515 1396 1610 lmen,-

421 1647 603 1748 Saevaque
620 1651 788 1748 circuitu·
800 1661 1025 1748 curvantem
1038 1648 1193 1724 brachia
1204 1649 1315 1746 longo
1328 1655 1342 1684 ⁸

421 1775 623 1875 Scorpion,
641 1791 755 1875 atque
766 1779 875 1852 aliter
886 1788 1110 1852 curvantem
1123 1775 1278 1850 brachia
1290 1777 1490 1850 Cancrum.

420 1907 497 1981 Nec
511 1907 584 1992 tibi
600 1906 863 2006 quadrupedes
880 1908 1068 1982 animosos
1082 1906 1232 2004 ignibus
1248 1905 1342 2004 illis,

307 2023 312 2034 ⁸
421 2037 527 2124 Quos
540 2038 582 2110 in
595 2047 743 2135 pectore
755 2036 916 2132 habent,
932 2061 1027 2134 quos
1040 2047 1157 2109 oreet
1170 2035 1325 2109 naribus
1338 2033 1484 2128 efflant,

420 2165 467 2240 ln
481 2179 662 2265 promptu
673 2191 799 2265 regere
812 2180 868 2240 eat
885 2196 892 2240 :
908 2169 979 2240 vix
992 2193 1055 2242 me
1068 2167 1284 2265 patiuntur,
1300 2180 1346 2239 ut
1357 2191 1460 2240 acres

297 2363 301 2376 .
420 2295 615 2370 incaluere
628 2295 770 2394 animi,
786 2297 994 2396 cervixque
1009 2310 1193 2396 repugnat
1206 2297 1378 2372 habenis.

356 2493 359 2512 ,
469 2425 519 2497 At
533 2436 576 2498 tu
592 2423 734 2498 funesti
748 2451 798 2498 ne
813 2426 885 2500 sim
901 2426 973 2500 tibi
985 2427 1156 2521 muneris
1169 2439 1317 2524 auctor,

422 2556 534 2653 Nate,
553 2583 643 2632 cave
661 2555 780 2632 :dum
797 2584 933 2657 resque
951 2559 1063 2652 sinit,
1079 2571 1146 2633 tua
1158 2559 1300 2656 corrige
1317 2572 1417 2632 vota:

420 2689 587 2786 Scilicet,
602 2702 647 2764 ut
663 2703 794 2766 nostro
805 2692 976 2790 genitum
993 2704 1030 2765 te
1046 2691 1228 2790 sauguine
1243 2688 1396 2789 credas,

419 2822 577 2920 Pignora
594 2836 694 2898 certa
708 2823 804 2922 petis
823 2854 831 2899 :
847 2823 897 2898 do
913 2824 1068 2922 pignora
1084 2836 1184 2898 certa
1199 2821 1393 2919 timendo,

418 2955 466 3028 Et
480 2954 603 3052 patrio
615 2967 721 3052 pater
734 2981 812 3030 esse
824 2969 929 3032 metu
944 2957 1086 3054 probor
1102 2956 1248 3054 :aspice
1264 2955 1397 3030 vultus
1418 3013 1420 3021 Α
1441 2999 1445 3008 ·

417 3083 511 3156 Ecce
525 3109 628 3157 meos
645 3113 653 3158 :
670 3084 893 3184 utinamque
909 3087 1036 3160 oculos
1050 3087 1092 3160 in
1108 3099 1259 3184 pectora
1273 3111 1399 3183 posses

416 3213 605 3309 inserere,
623 3225 659 3285 et
671 3213 809 3309 patrias
823 3214 928 3287 intus
940 3211 1172 3312 deprendere
1183 3214 1314 3288 cums!

416 3337 610 3435 Denique,
622 3339 805 3438 quioquid
815 3341 928 3418 habet
936 3342 1057 3439 dives,
1067 3341 1532 3440 circumspice,mundus;

416 3471 523 3569 Eque
535 3483 592 3545 tot
604 3497 647 3545 ac
658 3474 772 3547 tantis
785 3473 891 3572 coeli,
907 3486 1113 3574 terraeque,
1129 3473 1320 3572 marisque
1398 3517 1400 3522 ·

461 3653 469 3683 ¹
495 3651 579 3708 L’arc
593 3650 635 3708 du
648 3641 789 3710 centauro
803 3653 915 3712 Chiron
929 3655 1107 3713 transforant
1120 3675 1157 3713 cn
1170 3653 1375 3714 constellation
1390 3649 1460 3714 sous

415 3749 443 3806 le
457 3765 527 3806 nom
541 3749 578 3806 de
592 3749 759 3828 Sagittaire.

458 3851 471 3881 ¹
493 3847 534 3904 Le
553 3848 665 3906 Cancer
682 3849 789 3928 alonge
807 3869 853 3909 sea
868 3869 963 3910 serres
976 3871 1043 3912 vers
1059 3852 1232 3922 l’occident,
1246 3849 1343 3910 randis
1357 3869 1416 3928 que
1433 3852 1460 3908 le

416 3943 565 4018 Scorpion
575 3957 683 4004 tourne
693 3967 738 4004 ses
746 3948 815 4004 bras
826 3967 893 4004 verr
905 3948 1032 4004 l’orieut.
1043 3949 1098 4006 Ces
1106 3947 1211 4005 details
1220 3946 1464 4025 astronomiques

416 4041 595 4100 devienncut
608 4043 660 4103 des
672 4045 782 4123 imager
794 4046 928 4105 viventes
940 4065 996 4126 par
1009 4047 1036 4107 la
1049 4045 1144 4129 magle
1157 4045 1199 4106 du
1213 4047 1310 4124 poete.
