3184 5346
424 627 496 703 286
538 641 624 697 uss
654 609 1099 726 uspsuonsuosss
1128 629 1358 708 momnis,

422 791 491 890 At,
506 781 882 888 quicumque'trabes
895 779 1161 873 obstructaque
1174 802 1264 850 saxa
1276 779 1478 877 tenebant,

424 920 632 1018 Spumeus,
652 924 689 986 et
702 909 872 1002 fervens,
890 917 927 980 ot
939 905 986 978 ab
1001 903 1120 1000 objice
1133 907 1271 982 saevior
1285 907 1377 1014 ¹ibet.

529 1109 651 1188 XIII.
676 1107 856 1182 Bocchus
869 1127 1003 1178 nomen
1019 1101 1165 1177 Aooetoe
1177 1106 1368 1180 mentitas.

474 1310 589 1384 Ecce
604 1301 792 1378 ementati
806 1297 968 1372 redeunt
986 1325 994 1370 :
1010 1309 1067 1394 et,
1083 1297 1252 1371 Bacchus
1265 1299 1335 1372 ubi
1347 1311 1464 1395 esset,

424 1437 622 1530 Quaerenti
637 1433 815 1527 domino,
832 1427 1023 1502 Bocchum
1038 1426 1178 1502 vidisse
1190 1429 1389 1527 negimnt.

425 1571 558 1663 Hunc,
568 1565 718 1658 dixere,
728 1573 854 1634 tamen
861 1557 1037 1630 comitem
1046 1553 1532 1654 ,famulumquesaerorum

426 1703 604 1803 Cepimus
622 1708 685 1774 :et
697 1693 872 1788 tmdunt,
890 1692 1068 1764 manibus
1083 1704 1167 1788 post
1179 1703 1279 1790 tergo
1292 1693 1433 1791 ligatis,

426 1833 537 1907 Socra
548 1827 620 1906 Dei
634 1823 827 1925 quondam
841 1817 1043 1919 Tyrrheni
1055 1835 1163 1917 gente
1176 1831 1362 1896 secutum.

475 1963 619 2062 Aspicit
631 1959 738 2033 hunc
751 1954 872 2029 oculis
884 1951 1095 2049 Pentheus,
1112 1977 1207 2050 quos
1221 1951 1278 2026 iro
1293 1951 1514 2026 tremendos

426 2091 577 2166 Fecerat
594 2119 601 2162 :
619 2099 673 2185 et,
690 2107 921 2183 quamquam
934 2107 1059 2180 poenae
1073 2083 1143 2156 vix
1158 2095 1327 2182 tempora
1340 2079 1489 2178 differt,

425 2225 481 2298 0!
499 2221 687 2318 periture,
704 2213 845 2312 tuaque
858 2213 941 2288 aliis
955 2213 1184 2288 documenta
1195 2215 1329 2292 datm

236 2317 241 2324 Ι
295 2345 302 2358 ’
425 2349 564 2442 Morte,
580 2346 650 2441 ait,
666 2342 735 2418 ede
748 2355 862 2416 tuum
876 2367 1036 2442 nomen,
1053 2357 1508 2456 nomenquepurentum,

424 2481 472 2554 Et
484 2477 663 2578 patrium,
680 2473 872 2570 morisque
885 2473 980 2577 ”Vi
993 2497 1063 2546 cur
1079 2499 1181 2548 sacm
1193 2473 1423 2574 frequentes.

473 2611 542 2686 llle
555 2619 661 2684 metu
674 2631 835 2703 vacuus,
851 2606 999 2680 Nomen
1013 2605 1131 2704 mihi,
1149 2605 1267 2705 dixit,
1282 2600 1449 2684 Acoetes:

425 2743 550 2821 Patria
564 2739 727 2816 Maeonia
743 2747 798 2812 est
815 2766 823 2812 :
838 2735 979 2810 humili
992 2735 1039 2810 de
1056 2737 1164 2834 plebe
1176 2746 1360 2836 parentes.

424 2879 510 2954 No‘n
521 2872 639 2970 mihi,
654 2895 740 2970 quoe
754 2869 845 2942 duri
858 2868 1040 2965 colerent,
1056 2879 1180 2967 pater,
1196 2895 1287 2952 arvo
1298 2871 1475 2968 juvenci,

424 3010 671 3107 lanigerosve
684 3029 828 3103 greges,
844 3029 924 3077 non
937 3003 1015 3076 ulle
1028 3017 1197 3078 armenta
1214 3005 1382 3103 reliquit.

424 3141 574 3238 Pauper
588 3149 626 3211 et
639 3137 719 3236 ipse
732 3133 807 3208 fuit
824 3163 832 3208 :
848 3133 1005 3232 linoque
1021 3133 1161 3207 solebat
1176 3147 1213 3207 et
1224 3133 1339 3208 humo

423 3272 623 3370 Decipere,
639 3283 677 3346 et
691 3269 832 3344 calamo
846 3269 1017 3343 salientes
1034 3268 1172 3342 ducere
1184 3269 1303 3367 pisces
1319 3273 1342 3343 ¹.

369 3401 373 3416 '
424 3403 496 3476 Ars
509 3400 567 3474 illi
583 3425 798 3474 suscensus
811 3411 902 3474 erat.
922 3399 1019 3473 cum
1033 3399 1197 3473 eederet
1209 3411 1348 3499 artem;

424 3531 577 3631 Accipe,
593 3555 685 3628 quas
697 3530 835 3636 habeo,
852 3527 970 3604 studii
987 3555 1179 3604 successor
1192 3543 1229 3604 et
1242 3531 1371 3628 heres,

424 3661 551 3758 Dixit,
567 3687 655 3760 opes
673 3690 679 3736 :
696 3661 939 3758 moriensque
952 3661 1051 3736 mihi
1066 3632 1245 3767 nihilille
1260 3661 1436 3761 reliquit,

424 3789 566 3876 Praeter
577 3817 692 3888 aquas
709 3820 718 3868 ε
735 3815 860 3864 unum
872 3788 946 3865 hoc
959 3813 1114 3889 possum
1127 3789 1313 3888 appellare
1326 3799 1544 3888 paternum.

468 3957 479 3989 ¹
502 3955 643 4027 Calamo,
653 3955 848 4028 θεώ-ἠὼς,
858 3953 1172 4033 αὴυιᾰίπορίκαιοήά
1181 3955 1468 4033 ᾳιιᾶρὶεοοεέηιακ

423 4055 593 4114 educuntur.
