<?xml version="1.0" encoding="UTF-8"?>
<!DOCTYPE html PUBLIC "-//W3C//DTD XHTML 1.0 Transitional//EN"
    "http://www.w3.org/TR/xhtml1/DTD/xhtml1-transitional.dtd">
<html xmlns="http://www.w3.org/1999/xhtml" xml:lang="en" lang="en">
 <head>
  <title>
</title>
<meta http-equiv="Content-Type" content="text/html;charset=utf-8" />
  <meta name='ocr-system' content='tesseract 3.04.00' />
  <meta name='ocr-capabilities' content='ocr_page ocr_carea ocr_par ocr_line ocrx_word'/>
</head>
<body>
  <div class='ocr_page' id='page_1' title='image "./lesmtamorphoses00saingoog_0090.png"; bbox 0 0 3176 5338; ppageno 0'>
   <div class='ocr_carea' id='block_1_1' title="bbox 395 594 1317 691">
    <p class='ocr_par' dir='ltr' id='par_1_1' title="bbox 395 594 1317 691">
     <span class='ocr_line' id='line_1_1' title="bbox 395 594 1317 691; baseline -0.013 -7"><span class='ocrx_word' id='word_1_1' title='bbox 395 633 442 684; x_wconf 80' lang='lat' dir='ltr'><strong>ro</strong></span> <span class='ocrx_word' id='word_1_2' title='bbox 506 625 593 680; x_wconf 72' lang='lat' dir='ltr'><strong>rus</strong></span> <span class='ocrx_word' id='word_1_3' title='bbox 622 594 1060 678; x_wconf 64' lang='lat' dir='ltr'><strong>oerioonrnoses</strong></span> <span class='ocrx_word' id='word_1_4' title='bbox 1090 615 1317 691; x_wconf 76' lang='lat' dir='ltr'><strong>n’ovruu,</strong></span> 
     </span>
    </p>
   </div>
   <div class='ocr_carea' id='block_1_2' title="bbox 787 830 1034 908">
    <p class='ocr_par' dir='ltr' id='par_1_2' title="bbox 787 830 1034 908">
     <span class='ocr_line' id='line_1_2' title="bbox 787 830 1034 908; baseline 0 -2"><span class='ocrx_word' id='word_1_5' title='bbox 787 830 861 906; x_wconf 83' lang='lat' dir='ltr'><strong>vl.</strong></span> <span class='ocrx_word' id='word_1_6' title='bbox 888 833 1034 908; x_wconf 81' lang='lat' dir='ltr'><em>Sidera.</em></span> 
     </span>
    </p>
   </div>
   <div class='ocr_carea' id='block_1_3' title="bbox 391 1039 1390 1926">
    <p class='ocr_par' dir='ltr' id='par_1_3' title="bbox 393 1039 1304 1401">
     <span class='ocr_line' id='line_1_3' title="bbox 439 1039 1304 1142; baseline 0.002 -25"><span class='ocrx_word' id='word_1_7' title='bbox 439 1042 531 1118; x_wconf 84' lang='lat' dir='ltr'><strong>V1x</strong></span> <span class='ocrx_word' id='word_1_8' title='bbox 545 1068 588 1118; x_wconf 83' lang='lat' dir='ltr'><strong>ea</strong></span> <span class='ocrx_word' id='word_1_9' title='bbox 599 1041 786 1117; x_wconf 84' lang='lat' dir='ltr'>limitibus</span> <span class='ocrx_word' id='word_1_10' title='bbox 800 1039 1023 1139; x_wconf 84' lang='lat' dir='ltr'><strong>dissepserat</strong></span> <span class='ocrx_word' id='word_1_11' title='bbox 1036 1041 1166 1118; x_wconf 75' lang='lat' dir='ltr'>omnia</span> <span class='ocrx_word' id='word_1_12' title='bbox 1177 1053 1304 1142; x_wconf 78' lang='lat' dir='ltr'><strong>ccrtrs5</strong></span> 
     </span>
     <span class='ocr_line' id='line_1_4' title="bbox 393 1145 1300 1272; baseline 0 -24"><span class='ocrx_word' id='word_1_13' title='bbox 393 1173 511 1268; x_wconf 75' lang='lat' dir='ltr'><strong>cum,</strong></span> <span class='ocrx_word' id='word_1_14' title='bbox 528 1145 615 1271; x_wconf 76' lang='lat' dir='ltr'><strong>quae</strong></span> <span class='ocrx_word' id='word_1_15' title='bbox 627 1197 752 1270; x_wconf 83' lang='lat' dir='ltr'><strong>pressu</strong></span> <span class='ocrx_word' id='word_1_16' title='bbox 764 1169 833 1244; x_wconf 85' lang='lat' dir='ltr'><strong>diu</strong></span> <span class='ocrx_word' id='word_1_17' title='bbox 846 1169 966 1246; x_wconf 77' lang='lat' dir='ltr'>massi</span> <span class='ocrx_word' id='word_1_18' title='bbox 976 1165 1119 1246; x_wconf 68' lang='lat' dir='ltr'><strong>lituere</strong></span> <span class='ocrx_word' id='word_1_19' title='bbox 1134 1175 1205 1248; x_wconf 86' lang='lat' dir='ltr'><strong>sub</strong></span> <span class='ocrx_word' id='word_1_20' title='bbox 1218 1173 1300 1272; x_wconf 74' lang='lat' dir='ltr'>itit,</span> 
     </span>
     <span class='ocr_line' id='line_1_5' title="bbox 393 1301 1206 1401; baseline 0.005 -25"><span class='ocrx_word' id='word_1_21' title='bbox 393 1301 523 1376; x_wconf 83' lang='lat' dir='ltr'><strong>Sidera</strong></span> <span class='ocrx_word' id='word_1_22' title='bbox 536 1313 736 1401; x_wconf 89' lang='lat' dir='ltr'><strong>coeperunt</strong></span> <span class='ocrx_word' id='word_1_23' title='bbox 749 1311 830 1377; x_wconf 82' lang='lat' dir='ltr'><strong>toto</strong></span> <span class='ocrx_word' id='word_1_24' title='bbox 847 1301 1086 1378; x_wconf 78' lang='lat' dir='ltr'><strong>effervescere</strong></span> <span class='ocrx_word' id='word_1_25' title='bbox 1099 1304 1206 1380; x_wconf 87' lang='lat' dir='ltr'><strong>coelo.</strong></span> 
     </span>
    </p>

    <p class='ocr_par' dir='ltr' id='par_1_4' title="bbox 391 1429 1390 1926">
     <span class='ocr_line' id='line_1_6' title="bbox 393 1429 1286 1532; baseline 0.003 -26"><span class='ocrx_word' id='word_1_26' title='bbox 393 1429 476 1506; x_wconf 85' lang='lat' dir='ltr'><strong>Neu</strong></span> <span class='ocrx_word' id='word_1_27' title='bbox 493 1429 593 1528; x_wconf 82' lang='lat' dir='ltr'><strong>regio</strong></span> <span class='ocrx_word' id='word_1_28' title='bbox 610 1429 707 1506; x_wconf 87' lang='lat' dir='ltr'><strong>foret</strong></span> <span class='ocrx_word' id='word_1_29' title='bbox 721 1431 800 1506; x_wconf 84' lang='lat' dir='ltr'><strong>ulla</strong></span> <span class='ocrx_word' id='word_1_30' title='bbox 812 1432 890 1506; x_wconf 84' lang='lat' dir='ltr'>suis</span> <span class='ocrx_word' id='word_1_31' title='bbox 907 1433 1164 1512; x_wconf 83' lang='lat' dir='ltr'>animantibus</span> <span class='ocrx_word' id='word_1_32' title='bbox 1177 1435 1286 1532; x_wconf 82' lang='lat' dir='ltr'><strong>orbe,</strong></span> 
     </span>
     <span class='ocr_line' id='line_1_7' title="bbox 391 1563 1390 1664; baseline 0.004 -26"><span class='ocrx_word' id='word_1_33' title='bbox 391 1563 501 1638; x_wconf 78' lang='lat' dir='ltr'><strong>Astra</strong></span> <span class='ocrx_word' id='word_1_34' title='bbox 512 1575 643 1638; x_wconf 81' lang='lat' dir='ltr'><strong>tenent</strong></span> <span class='ocrx_word' id='word_1_35' title='bbox 655 1564 803 1639; x_wconf 85' lang='lat' dir='ltr'><strong>coeleste</strong></span> <span class='ocrx_word' id='word_1_36' title='bbox 820 1565 964 1662; x_wconf 88' lang='lat' dir='ltr'><strong>solum,</strong></span> <span class='ocrx_word' id='word_1_37' title='bbox 980 1563 1187 1664; x_wconf 78' lang='lat' dir='ltr'><strong>formaeque</strong></span> <span class='ocrx_word' id='word_1_38' title='bbox 1198 1567 1390 1642; x_wconf 77' lang='lat' dir='ltr'><strong>Deorum:</strong></span> 
     </span>
     <span class='ocr_line' id='line_1_8' title="bbox 392 1685 1298 1792; baseline -0.001 -24"><span class='ocrx_word' id='word_1_39' title='bbox 392 1694 591 1769; x_wconf 82' lang='lat' dir='ltr'><strong>Cesserunt</strong></span> <span class='ocrx_word' id='word_1_40' title='bbox 604 1693 735 1768; x_wconf 85' lang='lat' dir='ltr'>nitidis</span> <span class='ocrx_word' id='word_1_41' title='bbox 750 1691 966 1769; x_wconf 75' lang='lat' dir='ltr'><strong>habitandae</strong></span> <span class='ocrx_word' id='word_1_42' title='bbox 983 1693 1148 1792; x_wconf 84' lang='lat' dir='ltr'><strong>piscibus</strong></span> <span class='ocrx_word' id='word_1_43' title='bbox 1164 1685 1298 1767; x_wconf 71' lang='lat' dir='ltr'><strong>uude:</strong></span> 
     </span>
     <span class='ocr_line' id='line_1_9' title="bbox 391 1822 1226 1926; baseline -0.002 -26"><span class='ocrx_word' id='word_1_44' title='bbox 391 1825 508 1902; x_wconf 81' lang='lat' dir='ltr'><strong>Terra</strong></span> <span class='ocrx_word' id='word_1_45' title='bbox 520 1826 618 1903; x_wconf 80' lang='lat' dir='ltr'><strong>feras</strong></span> <span class='ocrx_word' id='word_1_46' title='bbox 633 1826 750 1926; x_wconf 87' lang='lat' dir='ltr'><strong>cepit,</strong></span> <span class='ocrx_word' id='word_1_47' title='bbox 765 1823 938 1904; x_wconf 82' lang='lat' dir='ltr'><strong>volucres</strong></span> <span class='ocrx_word' id='word_1_48' title='bbox 953 1822 1136 1926; x_wconf 74' lang='lat' dir='ltr'>agitabilis</span> <span class='ocrx_word' id='word_1_49' title='bbox 1150 1829 1226 1898; x_wconf 71' lang='lat' dir='ltr'><strong>uer.</strong></span> 
     </span>
    </p>
   </div>
   <div class='ocr_carea' id='block_1_4' title="bbox 780 2055 1045 2131">
    <p class='ocr_par' dir='ltr' id='par_1_5' title="bbox 780 2055 1045 2131">
     <span class='ocr_line' id='line_1_10' title="bbox 780 2055 1045 2131; baseline 0 -1"><span class='ocrx_word' id='word_1_50' title='bbox 780 2055 881 2131; x_wconf 89' lang='lat' dir='ltr'><strong>VII.</strong></span> <span class='ocrx_word' id='word_1_51' title='bbox 905 2057 1045 2130; x_wconf 87' lang='lat' dir='ltr'><strong><em>Homo.</em></strong></span> 
     </span>
    </p>
   </div>
   <div class='ocr_carea' id='block_1_5' title="bbox 389 2266 1413 3663">
    <p class='ocr_par' dir='ltr' id='par_1_6' title="bbox 389 2266 1413 3663">
     <span class='ocr_line' id='line_1_11' title="bbox 440 2266 1413 2368; baseline 0 -28"><span class='ocrx_word' id='word_1_52' title='bbox 440 2269 634 2344; x_wconf 66' lang='lat' dir='ltr'><strong>Suucrrus</strong></span> <span class='ocrx_word' id='word_1_53' title='bbox 646 2267 708 2342; x_wconf 83' lang='lat' dir='ltr'>his</span> <span class='ocrx_word' id='word_1_54' title='bbox 723 2267 883 2366; x_wconf 85' lang='lat' dir='ltr'>animal,</span> <span class='ocrx_word' id='word_1_55' title='bbox 897 2266 1112 2368; x_wconf 80' lang='lat' dir='ltr'><strong>montisque</strong></span> <span class='ocrx_word' id='word_1_56' title='bbox 1125 2266 1296 2365; x_wconf 74' lang='lat' dir='ltr'><strong>capacius</strong></span> <span class='ocrx_word' id='word_1_57' title='bbox 1308 2267 1413 2362; x_wconf 78' lang='lat' dir='ltr'><strong>cltae,</strong></span> 
     </span>
     <span class='ocr_line' id='line_1_12' title="bbox 390 2395 1411 2497; baseline -0.002 -27"><span class='ocrx_word' id='word_1_58' title='bbox 390 2396 526 2471; x_wconf 80' lang='lat' dir='ltr'><strong>Deerat</strong></span> <span class='ocrx_word' id='word_1_59' title='bbox 537 2395 680 2495; x_wconf 75' lang='lat' dir='ltr'><strong>adhuc,</strong></span> <span class='ocrx_word' id='word_1_60' title='bbox 698 2410 735 2473; x_wconf 89' lang='lat' dir='ltr'><strong>et</strong></span> <span class='ocrx_word' id='word_1_61' title='bbox 748 2395 851 2497; x_wconf 90' lang='lat' dir='ltr'><strong>quod</strong></span> <span class='ocrx_word' id='word_1_62' title='bbox 865 2395 1055 2474; x_wconf 77' lang='lat' dir='ltr'>dominari</span> <span class='ocrx_word' id='word_1_63' title='bbox 1068 2395 1111 2471; x_wconf 90' lang='lat' dir='ltr'>in</span> <span class='ocrx_word' id='word_1_64' title='bbox 1124 2409 1257 2472; x_wconf 81' lang='lat' dir='ltr'><strong>caetera</strong></span> <span class='ocrx_word' id='word_1_65' title='bbox 1270 2406 1411 2495; x_wconf 83' lang='lat' dir='ltr'><strong>posoct:</strong></span> 
     </span>
     <span class='ocr_line' id='line_1_13' title="bbox 389 2527 1369 2606; baseline -0.004 -2"><span class='ocrx_word' id='word_1_66' title='bbox 389 2528 506 2604; x_wconf 82' lang='lat' dir='ltr'><strong>Natus</strong></span> <span class='ocrx_word' id='word_1_67' title='bbox 522 2529 638 2604; x_wconf 91' lang='lat' dir='ltr'><strong>homo</strong></span> <span class='ocrx_word' id='word_1_68' title='bbox 654 2541 710 2605; x_wconf 82' lang='lat' dir='ltr'><strong>est</strong></span> <span class='ocrx_word' id='word_1_69' title='bbox 725 2559 733 2605; x_wconf 91' lang='lat'>:</span> <span class='ocrx_word' id='word_1_70' title='bbox 750 2531 832 2605; x_wconf 83' lang='lat' dir='ltr'><strong>sive</strong></span> <span class='ocrx_word' id='word_1_71' title='bbox 847 2529 955 2606; x_wconf 88' lang='lat' dir='ltr'><strong>hunc</strong></span> <span class='ocrx_word' id='word_1_72' title='bbox 971 2527 1106 2604; x_wconf 85' lang='lat' dir='ltr'>divino</span> <span class='ocrx_word' id='word_1_73' title='bbox 1122 2529 1265 2604; x_wconf 86' lang='lat' dir='ltr'><strong>semine</strong></span> <span class='ocrx_word' id='word_1_74' title='bbox 1280 2528 1369 2602; x_wconf 82' lang='lat' dir='ltr'>iecit</span> 
     </span>
     <span class='ocr_line' id='line_1_14' title="bbox 389 2657 1234 2759; baseline 0 -25"><span class='ocrx_word' id='word_1_75' title='bbox 389 2659 457 2734; x_wconf 88' lang='lat' dir='ltr'><strong>Ille</strong></span> <span class='ocrx_word' id='word_1_76' title='bbox 470 2659 599 2758; x_wconf 85' lang='lat' dir='ltr'>opifex</span> <span class='ocrx_word' id='word_1_77' title='bbox 614 2687 765 2759; x_wconf 87' lang='lat' dir='ltr'><strong>rerum,</strong></span> <span class='ocrx_word' id='word_1_78' title='bbox 780 2658 919 2734; x_wconf 89' lang='lat' dir='ltr'>mundi</span> <span class='ocrx_word' id='word_1_79' title='bbox 931 2659 1099 2736; x_wconf 79' lang='lat' dir='ltr'>melioris</span> <span class='ocrx_word' id='word_1_80' title='bbox 1111 2657 1234 2758; x_wconf 86' lang='lat' dir='ltr'><strong>origo:</strong></span> 
     </span>
     <span class='ocr_line' id='line_1_15' title="bbox 390 2779 1308 2894; baseline -0.001 -29"><span class='ocrx_word' id='word_1_81' title='bbox 390 2792 478 2866; x_wconf 87' lang='lat' dir='ltr'><strong>Sive</strong></span> <span class='ocrx_word' id='word_1_82' title='bbox 489 2819 619 2869; x_wconf 84' lang='lat' dir='ltr'><strong>recens</strong></span> <span class='ocrx_word' id='word_1_83' title='bbox 634 2795 765 2893; x_wconf 84' lang='lat' dir='ltr'><strong>tellus,</strong></span> <span class='ocrx_word' id='word_1_84' title='bbox 781 2794 1008 2894; x_wconf 72' lang='lat' dir='ltr'><strong>seductaque</strong></span> <span class='ocrx_word' id='word_1_85' title='bbox 1023 2779 1148 2893; x_wconf 82' lang='lat' dir='ltr'><strong>nuper</strong></span> <span class='ocrx_word' id='word_1_86' title='bbox 1166 2791 1213 2868; x_wconf 83' lang='lat' dir='ltr'><strong>ub</strong></span> <span class='ocrx_word' id='word_1_87' title='bbox 1232 2791 1308 2866; x_wconf 77' lang='lat' dir='ltr'><strong>alto</strong></span> 
     </span>
     <span class='ocr_line' id='line_1_16' title="bbox 389 2923 1224 3027; baseline -0.006 -28"><span class='ocrx_word' id='word_1_88' title='bbox 389 2925 564 3025; x_wconf 86' lang='lat' dir='ltr'><strong>AEthere,</strong></span> <span class='ocrx_word' id='word_1_89' title='bbox 580 2930 725 3027; x_wconf 81' lang='lat' dir='ltr'>cognati</span> <span class='ocrx_word' id='word_1_90' title='bbox 738 2928 924 3004; x_wconf 87' lang='lat' dir='ltr'><strong>retinebat</strong></span> <span class='ocrx_word' id='word_1_91' title='bbox 941 2927 1086 3002; x_wconf 81' lang='lat' dir='ltr'><strong>semina</strong></span> <span class='ocrx_word' id='word_1_92' title='bbox 1098 2923 1186 2999; x_wconf 83' lang='lat' dir='ltr'><strong>eoeli</strong></span> <span class='ocrx_word' id='word_1_93' title='bbox 1198 2927 1224 2995; x_wconf 85' lang='lat'><strong>¹.</strong></span> 
     </span>
     <span class='ocr_line' id='line_1_17' title="bbox 390 3047 1378 3158; baseline -0.007 -29"><span class='ocrx_word' id='word_1_94' title='bbox 390 3053 515 3142; x_wconf 86' lang='lat' dir='ltr'><strong>Quam</strong></span> <span class='ocrx_word' id='word_1_95' title='bbox 532 3070 631 3132; x_wconf 83' lang='lat' dir='ltr'><strong>satus</strong></span> <span class='ocrx_word' id='word_1_96' title='bbox 646 3059 773 3158; x_wconf 80' lang='lat' dir='ltr'><strong>Iapeto</strong></span> <span class='ocrx_word' id='word_1_97' title='bbox 786 3071 818 3155; x_wconf 82' lang='lat'><strong>⁸,</strong></span> <span class='ocrx_word' id='word_1_98' title='bbox 834 3058 996 3132; x_wconf 78' lang='lat' dir='ltr'>mixtum</span> <span class='ocrx_word' id='word_1_99' title='bbox 1010 3053 1229 3131; x_wconf 78' lang='lat' dir='ltr'>fluvialibus</span> <span class='ocrx_word' id='word_1_100' title='bbox 1243 3047 1378 3146; x_wconf 80' lang='lat' dir='ltr'>undis,</span> 
     </span>
     <span class='ocr_line' id='line_1_18' title="bbox 390 3183 1366 3286; baseline -0.001 -28"><span class='ocrx_word' id='word_1_101' title='bbox 390 3183 518 3258; x_wconf 82' lang='lat' dir='ltr'>Finxit</span> <span class='ocrx_word' id='word_1_102' title='bbox 531 3186 573 3259; x_wconf 90' lang='lat' dir='ltr'>in</span> <span class='ocrx_word' id='word_1_103' title='bbox 586 3185 743 3286; x_wconf 86' lang='lat' dir='ltr'><strong>effigiem</strong></span> <span class='ocrx_word' id='word_1_104' title='bbox 756 3187 1023 3263; x_wconf 76' lang='lat' dir='ltr'><strong>moderant&#39;irm</strong></span> <span class='ocrx_word' id='word_1_105' title='bbox 1037 3197 1172 3260; x_wconf 83' lang='lat' dir='ltr'><strong>cuncto</strong></span> <span class='ocrx_word' id='word_1_106' title='bbox 1184 3185 1366 3261; x_wconf 87' lang='lat' dir='ltr'><strong>Deorum.</strong></span> 
     </span>
     <span class='ocr_line' id='line_1_19' title="bbox 389 3311 1380 3412; baseline 0 -28"><span class='ocrx_word' id='word_1_107' title='bbox 389 3311 587 3412; x_wconf 84' lang='lat' dir='ltr'><strong>Pronaque</strong></span> <span class='ocrx_word' id='word_1_108' title='bbox 603 3315 692 3390; x_wconf 80' lang='lat' dir='ltr'><strong>eum</strong></span> <span class='ocrx_word' id='word_1_109' title='bbox 711 3326 877 3412; x_wconf 84' lang='lat' dir='ltr'><strong>spectent</strong></span> <span class='ocrx_word' id='word_1_110' title='bbox 892 3313 1070 3390; x_wconf 79' lang='lat' dir='ltr'>animalia</span> <span class='ocrx_word' id='word_1_111' title='bbox 1083 3323 1204 3387; x_wconf 86' lang='lat' dir='ltr'><strong>cetera</strong></span> <span class='ocrx_word' id='word_1_112' title='bbox 1219 3323 1380 3407; x_wconf 78' lang='lat' dir='ltr'><strong>terram3</strong></span> 
     </span>
     <span class='ocr_line' id='line_1_20' title="bbox 391 3439 1373 3541; baseline -0.004 -27"><span class='ocrx_word' id='word_1_113' title='bbox 391 3441 444 3514; x_wconf 85' lang='lat' dir='ltr'><strong>Os</strong></span> <span class='ocrx_word' id='word_1_114' title='bbox 456 3439 606 3514; x_wconf 90' lang='lat' dir='ltr'>homini</span> <span class='ocrx_word' id='word_1_115' title='bbox 622 3441 783 3516; x_wconf 87' lang='lat' dir='ltr'><strong>sublime</strong></span> <span class='ocrx_word' id='word_1_116' title='bbox 795 3441 920 3541; x_wconf 80' lang='lat' dir='ltr'>dedit,</span> <span class='ocrx_word' id='word_1_117' title='bbox 934 3443 1151 3540; x_wconf 86' lang='lat' dir='ltr'><strong>coelumque</strong></span> <span class='ocrx_word' id='word_1_118' title='bbox 1166 3439 1267 3514; x_wconf 84' lang='lat' dir='ltr'><strong>tucri</strong></span> <span class='ocrx_word' id='word_1_119' title='bbox 1370 3457 1373 3462; x_wconf 74' lang='grc'><strong>’</strong></span> 
     </span>
     <span class='ocr_line' id='line_1_21' title="bbox 391 3564 1237 3663; baseline 0.001 -25"><span class='ocrx_word' id='word_1_120' title='bbox 391 3564 528 3663; x_wconf 75' lang='lat' dir='ltr'>iussit,</span> <span class='ocrx_word' id='word_1_121' title='bbox 542 3577 580 3638; x_wconf 86' lang='lat' dir='ltr'><strong>et</strong></span> <span class='ocrx_word' id='word_1_122' title='bbox 596 3580 735 3641; x_wconf 81' lang='lat' dir='ltr'><strong>erectos</strong></span> <span class='ocrx_word' id='word_1_123' title='bbox 751 3566 934 3642; x_wconf 77' lang='lat' dir='ltr'><strong>adsidere</strong></span> <span class='ocrx_word' id='word_1_124' title='bbox 949 3568 1079 3643; x_wconf 86' lang='lat' dir='ltr'><strong>tollere</strong></span> <span class='ocrx_word' id='word_1_125' title='bbox 1093 3565 1237 3642; x_wconf 83' lang='lat' dir='ltr'><strong>vultus.</strong></span> 
     </span>
    </p>
   </div>
   <div class='ocr_carea' id='block_1_6' title="bbox 435 3765 1430 3842">
    <p class='ocr_par' dir='ltr' id='par_1_7' title="bbox 435 3765 1430 3842">
     <span class='ocr_line' id='line_1_22' title="bbox 435 3765 1430 3842; baseline 0.013 -20"><span class='ocrx_word' id='word_1_126' title='bbox 435 3768 444 3798; x_wconf 88' lang='lat'>¹</span> <span class='ocrx_word' id='word_1_127' title='bbox 472 3765 602 3842; x_wconf 76' lang='lat' dir='ltr'><strong>Cognati</strong></span> <span class='ocrx_word' id='word_1_128' title='bbox 616 3770 657 3828; x_wconf 81' lang='lat' dir='ltr'><strong>Le</strong></span> <span class='ocrx_word' id='word_1_129' title='bbox 669 3771 722 3828; x_wconf 77' lang='lat' dir='ltr'><strong>ciel</strong></span> <span class='ocrx_word' id='word_1_130' title='bbox 736 3782 765 3830; x_wconf 81' lang='lat' dir='ltr'><strong>et</strong></span> <span class='ocrx_word' id='word_1_131' title='bbox 777 3771 806 3828; x_wconf 84' lang='lat' dir='ltr'><strong>la</strong></span> <span class='ocrx_word' id='word_1_132' title='bbox 819 3782 898 3830; x_wconf 79' lang='lat' dir='ltr'><strong>terre</strong></span> <span class='ocrx_word' id='word_1_133' title='bbox 910 3772 999 3832; x_wconf 71' lang='lat' dir='ltr'><strong>cortic</strong></span> <span class='ocrx_word' id='word_1_134' title='bbox 1013 3771 1055 3832; x_wconf 83' lang='lat' dir='ltr'><strong>du</strong></span> <span class='ocrx_word' id='word_1_135' title='bbox 1069 3773 1178 3840; x_wconf 69' lang='lat' dir='ltr'><strong>chaos,</strong></span> <span class='ocrx_word' id='word_1_136' title='bbox 1194 3768 1260 3828; x_wconf 80' lang='lat' dir='ltr'><strong>leur</strong></span> <span class='ocrx_word' id='word_1_137' title='bbox 1273 3785 1430 3834; x_wconf 72' lang='lat' dir='ltr'><strong>commum</strong></span> 
     </span>
    </p>
   </div>
   <div class='ocr_carea' id='block_1_7' title="bbox 391 3861 1427 4036">
    <p class='ocr_par' dir='ltr' id='par_1_8' title="bbox 391 3861 1427 4036">
     <span class='ocr_line' id='line_1_23' title="bbox 391 3861 1427 3947; baseline 0.006 -27"><span class='ocrx_word' id='word_1_138' title='bbox 391 3861 522 3940; x_wconf 83' lang='lat' dir='ltr'><strong>origine,</strong></span> <span class='ocrx_word' id='word_1_139' title='bbox 534 3865 642 3923; x_wconf 58' lang='lat' dir='ltr'><strong>&amp;taient</strong></span> <span class='ocrx_word' id='word_1_140' title='bbox 654 3886 690 3924; x_wconf 83' lang='lat' dir='ltr'><strong>en</strong></span> <span class='ocrx_word' id='word_1_141' title='bbox 701 3869 830 3946; x_wconf 85' lang='lat' dir='ltr'><strong>quelque</strong></span> <span class='ocrx_word' id='word_1_142' title='bbox 843 3881 923 3928; x_wconf 75' lang='lat' dir='ltr'><strong>sorte</strong></span> <span class='ocrx_word' id='word_1_143' title='bbox 933 3887 1050 3947; x_wconf 64' lang='lat' dir='ltr'><strong>petens.</strong></span> <span class='ocrx_word' id='word_1_144' title='bbox 1060 3871 1147 3932; x_wconf 80' lang='lat' dir='ltr'>Voili</span> <span class='ocrx_word' id='word_1_145' title='bbox 1156 3869 1183 3930; x_wconf 85' lang='lat' dir='ltr'><strong>le</strong></span> <span class='ocrx_word' id='word_1_146' title='bbox 1197 3886 1263 3928; x_wconf 72' lang='lat' dir='ltr'><strong>oens</strong></span> <span class='ocrx_word' id='word_1_147' title='bbox 1276 3867 1427 3929; x_wconf 74' lang='lat' dir='ltr'><strong>tris-heco</strong></span> 
     </span>
     <span class='ocr_line' id='line_1_24' title="bbox 391 3958 741 4036; baseline 0.011 -19"><span class='ocrx_word' id='word_1_148' title='bbox 391 3958 429 4017; x_wconf 81' lang='lat' dir='ltr'><strong>de</strong></span> <span class='ocrx_word' id='word_1_149' title='bbox 441 3959 630 4036; x_wconf 76' lang='lat' dir='ltr'><strong>l&#39;expression</strong></span> <span class='ocrx_word' id='word_1_150' title='bbox 642 3963 741 4024; x_wconf 78' lang='lat' dir='ltr'><strong>latine.</strong></span> 
     </span>
    </p>
   </div>
   <div class='ocr_carea' id='block_1_8' title="bbox 435 4057 1003 4142">
    <p class='ocr_par' dir='ltr' id='par_1_9' title="bbox 435 4057 1003 4142">
     <span class='ocr_line' id='line_1_25' title="bbox 435 4057 1003 4142; baseline 0.016 -29"><span class='ocrx_word' id='word_1_151' title='bbox 435 4059 449 4090; x_wconf 80' lang='lat'>⁸</span> <span class='ocrx_word' id='word_1_152' title='bbox 470 4057 661 4132; x_wconf 70' lang='lat' dir='ltr'><strong>Promotou,</strong></span> <span class='ocrx_word' id='word_1_153' title='bbox 677 4061 782 4142; x_wconf 74' lang='lat' dir='ltr'>Titan,</span> <span class='ocrx_word' id='word_1_154' title='bbox 796 4061 842 4122; x_wconf 71' lang='lat' dir='ltr'><strong>fils</strong></span> <span class='ocrx_word' id='word_1_155' title='bbox 858 4062 895 4122; x_wconf 80' lang='lat' dir='ltr'><strong>de</strong></span> <span class='ocrx_word' id='word_1_156' title='bbox 906 4063 1003 4140; x_wconf 79' lang='lat' dir='ltr'><strong>Jupet.</strong></span> 
     </span>
    </p>
   </div>
   <div class='ocr_carea' id='block_1_9' title="bbox 0 0 1592 5338">
    <p class='ocr_par' dir='ltr' id='par_1_10' title="bbox 0 0 1592 5338">
     <span class='ocr_line' id='line_1_26' title="bbox 0 0 1592 5338; baseline 0 0"><span class='ocrx_word' id='word_1_157' title='bbox 0 0 1592 5338; x_wconf 95' lang='lat' dir='ltr'><strong> </strong></span> 
     </span>
    </p>
   </div>
  </div>
 </body>
</html>
