3184 5346
455 605 525 681 292
569 593 653 651 aas
682 566 1126 650 uirauonruosas
1157 592 1399 670 moruus,¹

458 715 463 732 ⁵
500 747 656 841 Naxon,
672 744 726 817 ait
737 741 872 838 Liber,
891 765 1026 814 cursus
1041 739 1227 816 advertite
1242 753 1401 816 vestros.

449 875 518 950 Illa
531 873 630 948 mihi
646 871 785 947 domus
803 881 859 944 est
879 900 887 944 :
907 869 1017 944 vobis
1032 870 1106 945 erit
1121 870 1273 970 hospita
1287 871 1414 945 tellus.

450 1006 524 1082 Per
535 1027 640 1078 mare
654 1001 818 1096 fallaces,
836 1025 981 1098 perque
998 999 1127 1073 omnia
1140 1007 1303 1074 munina
1314 1003 1446 1098 jurant

452 1137 512 1210 Sio
526 1135 606 1210 fore
622 1163 630 1209 ε
646 1157 783 1230 meque
794 1131 930 1227 jubent
942 1128 1053 1228 piotae
1066 1131 1156 1206 dare
1168 1133 1253 1206 vela
1266 1133 1420 1207 mrinie.

449 1271 615 1346 Dextera
626 1269 752 1344 Naxos
765 1278 845 1341 erut
864 1293 873 1339 ι
889 1264 1023 1340 dextri
1037 1265 1136 1340 mihi
1152 1265 1270 1340 lintea
1281 1265 1409 1364 danti,

452 1395 554 1486 Quid
569 1395 719 1472 moisio
731 1393 904 1468 demens!
917 1391 1004 1490 quis
1017 1405 1055 1466 te
1067 1391 1196 1490 furor,
1213 1393 1362 1490 inquit,
1373 1393 1518 1484 Aooete,

449 1523 523 1598 Pro
537 1550 575 1598 se
588 1523 767 1622 quisque,
785 1532 889 1594 tenet
901 1519 920 1593 'l
934 1518 1070 1592 laevam
1085 1531 1182 1616 pete.
1200 1519 1370 1595 Maxima
1383 1531 1486 1594 nutu

450 1651 540 1732 Pars
552 1655 652 1731 mihi
665 1651 848 1754 significat
856 1682 867 1749 ;
883 1677 988 1749 pars,
1008 1650 1103 1750 quid
1118 1650 1231 1750 velit,
1246 1678 1338 1726 aure
1353 1663 1533 1726 susurrat.

450 1788 667 1884 Obstupui:
684 1779 1005 1882 Capiatque'alius
1020 1779 1300 1880 moderamina,
1319 1781 1424 1881 dixi3

448 1913 589 2012 Meque
602 1914 813 1990 ministerio
829 1911 1054 2009 scelerisque
1067 1911 1234 2008 salisque
1250 1917 1401 1990 removi
1418 1921 1442 1988 ¹.

449 2049 630 2144 Increpor
643 2070 666 2117 a
680 2043 828 2118 cunctis
836 2073 847 2140 3
863 2053 1064 2140 totumque
1075 2043 1351 2119 immurmurat
1363 2071 1507 2144 agmen.

448 2179 479 2253 E
493 2177 634 2277 quibus
648 2175 861 2272 AEthulion,
878 2173 933 2248 Te
949 2173 1090 2248 scilicet
1104 2176 1228 2291 onim's
1245 2176 1289 2250 in
1300 2203 1382 2250 uno

446 2307 580 2380 Nostra
594 2303 693 2378 salus
706 2302 828 2400 positu
843 2312 900 2376 est
918 2304 926 2377 !
944 2305 998 2376 ait
1014 2332 1022 2376 :
1039 2315 1077 2376 et
1091 2304 1194 2378 subit
1210 2305 1310 2403 ipse,
1324 2331 1526 2405 meumque

446 2437 583 2534 Explet
599 2460 695 2533 opus
711 2461 720 2507 ε
736 2434 941 2532 Naxoque,
956 2436 1052 2533 petit
1064 2433 1234 2530 diversa,
1253 2435 1396 2511 relicui.

495 2567 597 2644 Tum
604 2565 708 2644 Deus
717 2567 901 2666 illudens,
916 2579 1111 2665 tamquam
1124 2565 1382 2666 mododeniq5
1397 2565 1551 2643 fraudem

448 2699 630 2798 Senserit,
647 2699 798 2798 epuppi
811 2709 974 2796 pontum
988 2711 1198 2797 prospectat
1209 2697 1370 2776 adunca.

446 2831 493 2904 Et
508 2830 616 2908 flenti
631 2828 784 2926 similia,
802 2829 888 2904 Non
900 2828 983 2904 haeo
997 2828 1096 2904 mihi
1108 2829 1239 2929 litora,
1256 2841 1403 2928 nautea,

446 2959 691 3057 Promisistis,
710 2961 764 3033 ait
780 2987 788 3033 :
809 2983 888 3032 non
900 2958 982 3032 haee
994 2957 1094 3032 mihi
1108 2971 1207 3032 terra
1221 2970 1347 3058 rogata
1359 2969 1428 3036 est.
1565 2945 1567 3035 i

447 3089 536 3177 Quo
548 3089 673 3166 merui
685 3114 839 3188 poenam
852 3087 947 3164 facto
959 3089 978 3163 l
991 3115 1077 3189 quae
1092 3089 1209 3187 gloria
1225 3101 1351 3164 vostra
1365 3101 1442 3184 est,

447 3219 488 3292 Si
503 3243 668 3318 puerum
683 3219 863 3315 juvenes,
881 3217 915 3291 si
928 3217 1043 3292 multi
1057 3216 1184 3292 fallitis
1199 3217 1352 3294 ursum?

495 3349 730 3424 iamdudum
741 3349 878 3424 flebam
896 3377 904 3423 ε
918 3349 1101 3449 Ιηοῑγιῃαε
1114 3377 1250 3425 manus
1266 3349 1386 3448 impia
1400 3361 1533 3424 nostrus
1559 3357 1561 3395 ‹

448 3477 575 3576 Ridet,
590 3490 628 3552 et
643 3477 805 3574 impellit
820 3481 1109 3577 properantibus
1125 3507 1278 3578 aequora
1292 3481 1421 3556 remis.

490 3663 500 3695 ¹
520 3661 562 3718 Le
570 3658 658 3735 poete
669 3677 699 3716 se
711 3658 766 3716 tire
778 3677 849 3717 aveo
859 3658 965 3717 facilus
974 3659 1012 3717 da
1023 3679 1070 3718 ces
1079 3659 1182 3718 douils
1194 3661 1373 3738 neutiqua,
1387 3662 1482 3738 sipeu
1554 3619 1557 3681 l

445 3763 620 3820 lateranam
634 3770 664 3817 at
675 3757 700 3817 si
712 3777 772 3835 peu
783 3759 851 3818 faits
862 3779 943 3836 pour
953 3761 982 3818 la
993 3762 1093 3838 poesie
1103 3781 1113 3834 3
1126 3780 1158 3819 sa
1166 3761 1272 3836 phrase
1284 3771 1330 3819 est
1339 3773 1440 3832 aetla,
1455 3773 1483 3820 et

445 3856 676 3916 l’interlooution
688 3855 740 3915 des
752 3859 887 3915 matelots
900 3859 950 3934 n’y
961 3857 1033 3932 jetta
1046 3878 1099 3935 pas
1115 3859 1142 3917 le
1158 3858 1294 3918 moiadre
1310 3860 1480 3930 embarras3

445 3956 630 4034 quelquelois
642 3955 738 4012 mame
748 3955 799 4013 des
812 3957 995 4031 expressions
1008 3956 1176 4027 bullonne,
1189 3959 1270 4015 telles
1281 3977 1342 4036 que
1352 3958 1480 4026 celle-ci,

444 4057 600 4115 minstera'o
611 4057 741 4130 sceleris,
755 4056 926 4120 remanent
939 4057 968 4118 la
981 4057 1133 4140 implicito
1144 4057 1188 4136 du
1201 4057 1283 4118 racia.
