<?xml version="1.0" encoding="UTF-8"?>
<!DOCTYPE html PUBLIC "-//W3C//DTD XHTML 1.0 Transitional//EN"
    "http://www.w3.org/TR/xhtml1/DTD/xhtml1-transitional.dtd">
<html xmlns="http://www.w3.org/1999/xhtml" xml:lang="en" lang="en">
 <head>
  <title>
</title>
<meta http-equiv="Content-Type" content="text/html;charset=utf-8" />
  <meta name='ocr-system' content='tesseract 3.04.00' />
  <meta name='ocr-capabilities' content='ocr_page ocr_carea ocr_par ocr_line ocrx_word'/>
</head>
<body>
  <div class='ocr_page' id='page_1' title='image "./lesmtamorphoses00saingoog_0452.png"; bbox 0 0 3184 5346; ppageno 0'>
   <div class='ocr_carea' id='block_1_1' title="bbox 447 613 1375 726">
    <p class='ocr_par' dir='ltr' id='par_1_1' title="bbox 447 613 1375 726">
     <span class='ocr_line' id='line_1_1' title="bbox 447 613 1375 726; baseline -0.006 -25"><span class='ocrx_word' id='word_1_1' title='bbox 447 627 518 726; x_wconf 77' lang='lat'>298</span> <span class='ocrx_word' id='word_1_2' title='bbox 566 641 651 695; x_wconf 74' lang='lat' dir='ltr'>aas</span> <span class='ocrx_word' id='word_1_3' title='bbox 681 613 1120 693; x_wconf 70' lang='lat' dir='ltr'>nbranonraosns</span> <span class='ocrx_word' id='word_1_4' title='bbox 1152 637 1375 716; x_wconf 75' lang='lat' dir='ltr'>n’ovron,</span> 
     </span>
    </p>
   </div>
   <div class='ocr_carea' id='block_1_2' title="bbox 441 783 1475 1542">
    <p class='ocr_par' dir='ltr' id='par_1_2' title="bbox 441 783 1418 1281">
     <span class='ocr_line' id='line_1_2' title="bbox 447 783 1406 888; baseline -0.001 -24"><span class='ocrx_word' id='word_1_5' title='bbox 447 791 588 888; x_wconf 84' lang='lat' dir='ltr'>Sponte</span> <span class='ocrx_word' id='word_1_6' title='bbox 601 788 685 884; x_wconf 74' lang='lat' dir='ltr'>sui,</span> <span class='ocrx_word' id='word_1_7' title='bbox 706 787 803 860; x_wconf 81' lang='lat' dir='ltr'>lama</span> <span class='ocrx_word' id='word_1_8' title='bbox 819 797 890 883; x_wconf 84' lang='lat' dir='ltr'>est,</span> <span class='ocrx_word' id='word_1_9' title='bbox 909 784 1019 858; x_wconf 92' lang='lat' dir='ltr'>nullo</span> <span class='ocrx_word' id='word_1_10' title='bbox 1036 783 1225 880; x_wconf 80' lang='lat' dir='ltr'>solvente,</span> <span class='ocrx_word' id='word_1_11' title='bbox 1244 799 1406 862; x_wconf 81' lang='lat' dir='ltr'>catenas.</span> 
     </span>
     <span class='ocr_line' id='line_1_3' title="bbox 447 915 1418 1016; baseline -0.002 -22"><span class='ocrx_word' id='word_1_12' title='bbox 447 922 590 994; x_wconf 77' lang='lat' dir='ltr'><strong>Perstat</strong></span> <span class='ocrx_word' id='word_1_13' title='bbox 606 915 833 992; x_wconf 78' lang='lat' dir='ltr'><strong>Echionides</strong></span> <span class='ocrx_word' id='word_1_14' title='bbox 850 943 858 990; x_wconf 78' lang='lat' dir='ltr'>t</span> <span class='ocrx_word' id='word_1_15' title='bbox 877 941 949 989; x_wconf 86' lang='lat' dir='ltr'>noc</span> <span class='ocrx_word' id='word_1_16' title='bbox 962 917 1038 1012; x_wconf 82' lang='lat' dir='ltr'>jam</span> <span class='ocrx_word' id='word_1_17' title='bbox 1050 916 1157 1012; x_wconf 89' lang='lat' dir='ltr'>jubet</span> <span class='ocrx_word' id='word_1_18' title='bbox 1169 916 1243 1014; x_wconf 88' lang='lat' dir='ltr'>ire,</span> <span class='ocrx_word' id='word_1_19' title='bbox 1258 917 1323 992; x_wconf 88' lang='lat' dir='ltr'>sed</span> <span class='ocrx_word' id='word_1_20' title='bbox 1335 923 1418 1016; x_wconf 84' lang='lat' dir='ltr'>ipse</span> 
     </span>
     <span class='ocr_line' id='line_1_4' title="bbox 441 1043 1418 1144; baseline 0.003 -22"><span class='ocrx_word' id='word_1_21' title='bbox 441 1045 580 1143; x_wconf 77' lang='lat' dir='ltr'>Vadit,</span> <span class='ocrx_word' id='word_1_22' title='bbox 599 1046 688 1144; x_wconf 92' lang='lat' dir='ltr'>ubi,</span> <span class='ocrx_word' id='word_1_23' title='bbox 705 1047 844 1120; x_wconf 84' lang='lat' dir='ltr'>electus</span> <span class='ocrx_word' id='word_1_24' title='bbox 857 1043 1029 1120; x_wconf 85' lang='lat' dir='ltr'>facienda</span> <span class='ocrx_word' id='word_1_25' title='bbox 1039 1043 1090 1120; x_wconf 79' lang='lat' dir='ltr'>ad</span> <span class='ocrx_word' id='word_1_26' title='bbox 1104 1071 1209 1120; x_wconf 87' lang='lat' dir='ltr'>sacra</span> <span class='ocrx_word' id='word_1_27' title='bbox 1223 1045 1418 1124; x_wconf 80' lang='lat' dir='ltr'>Cithaeron</span> 
     </span>
     <span class='ocr_line' id='line_1_5' title="bbox 451 1174 1370 1281; baseline 0.001 -29"><span class='ocrx_word' id='word_1_28' title='bbox 451 1178 633 1252; x_wconf 80' lang='lat' dir='ltr'>Cantibus</span> <span class='ocrx_word' id='word_1_29' title='bbox 650 1189 687 1250; x_wconf 88' lang='lat' dir='ltr'>et</span> <span class='ocrx_word' id='word_1_30' title='bbox 702 1176 804 1250; x_wconf 71' lang='lat' dir='ltr'>clari</span> <span class='ocrx_word' id='word_1_31' title='bbox 816 1174 1073 1281; x_wconf 75' lang='lat' dir='ltr'>Bacchantum</span> <span class='ocrx_word' id='word_1_32' title='bbox 1090 1201 1185 1252; x_wconf 85' lang='lat' dir='ltr'>voce</span> <span class='ocrx_word' id='word_1_33' title='bbox 1200 1178 1370 1253; x_wconf 83' lang='lat' dir='ltr'>sonabat.</span> 
     </span>
    </p>

    <p class='ocr_par' dir='ltr' id='par_1_3' title="bbox 449 1307 1475 1542">
     <span class='ocr_line' id='line_1_6' title="bbox 449 1307 1414 1406; baseline 0.004 -24"><span class='ocrx_word' id='word_1_34' title='bbox 449 1309 503 1382; x_wconf 90' lang='lat' dir='ltr'>Ut</span> <span class='ocrx_word' id='word_1_35' title='bbox 517 1309 646 1384; x_wconf 77' lang='lat' dir='ltr'>fremit</span> <span class='ocrx_word' id='word_1_36' title='bbox 657 1335 741 1383; x_wconf 87' lang='lat' dir='ltr'>acer</span> <span class='ocrx_word' id='word_1_37' title='bbox 754 1335 895 1406; x_wconf 84' lang='lat' dir='ltr'>equus,</span> <span class='ocrx_word' id='word_1_38' title='bbox 909 1309 999 1384; x_wconf 77' lang='lat' dir='ltr'>cam</span> <span class='ocrx_word' id='word_1_39' title='bbox 1010 1307 1168 1382; x_wconf 88' lang='lat' dir='ltr'>bellicus</span> <span class='ocrx_word' id='word_1_40' title='bbox 1184 1335 1259 1384; x_wconf 83' lang='lat' dir='ltr'>aere</span> <span class='ocrx_word' id='word_1_41' title='bbox 1273 1335 1414 1386; x_wconf 80' lang='lat' dir='ltr'>canoro</span> 
     </span>
     <span class='ocr_line' id='line_1_7' title="bbox 451 1439 1475 1542; baseline 0.001 -25"><span class='ocrx_word' id='word_1_42' title='bbox 451 1444 564 1542; x_wconf 80' lang='lat' dir='ltr'>Signa</span> <span class='ocrx_word' id='word_1_43' title='bbox 575 1443 682 1518; x_wconf 81' lang='lat' dir='ltr'><strong>dedit</strong></span> <span class='ocrx_word' id='word_1_44' title='bbox 693 1443 853 1538; x_wconf 83' lang='lat' dir='ltr'>tibicen3</span> <span class='ocrx_word' id='word_1_45' title='bbox 868 1465 1082 1540; x_wconf 71' lang='lat' dir='ltr'>pugnasque</span> <span class='ocrx_word' id='word_1_46' title='bbox 1094 1439 1275 1516; x_wconf 84' lang='lat' dir='ltr'>assumsit</span> <span class='ocrx_word' id='word_1_47' title='bbox 1287 1465 1475 1537; x_wconf 67' lang='lat' dir='ltr'>amorem</span> 
     </span>
    </p>
   </div>
   <div class='ocr_carea' id='block_1_3' title="bbox 308 1553 1288 1669">
    <p class='ocr_par' dir='ltr' id='par_1_4' title="bbox 308 1553 1288 1669">
     <span class='ocr_line' id='line_1_8' title="bbox 308 1553 1288 1669; baseline 0 -23"><span class='ocrx_word' id='word_1_48' title='bbox 308 1553 312 1560; x_wconf 84' lang='grc'><strong>’</strong></span> <span class='ocrx_word' id='word_1_49' title='bbox 450 1571 619 1646; x_wconf 72' lang='lat' dir='ltr'>Penthea</span> <span class='ocrx_word' id='word_1_50' title='bbox 632 1571 929 1669; x_wconf 63' lang='lat' dir='ltr'>samanunge</span> <span class='ocrx_word' id='word_1_51' title='bbox 945 1569 1154 1646; x_wconf 65' lang='lat' dir='ltr'>anaba</span> <span class='ocrx_word' id='word_1_52' title='bbox 1167 1571 1288 1647; x_wconf 62' lang='lat' dir='ltr'>aaa</span> 
     </span>
    </p>
   </div>
   <div class='ocr_carea' id='block_1_4' title="bbox 445 1697 1561 3919">
    <p class='ocr_par' dir='ltr' id='par_1_5' title="bbox 445 1697 1281 1796">
     <span class='ocr_line' id='line_1_9' title="bbox 445 1697 1281 1796; baseline 0.002 -22"><span class='ocrx_word' id='word_1_53' title='bbox 445 1699 577 1774; x_wconf 84' lang='lat' dir='ltr'>&#39;Movit</span> <span class='ocrx_word' id='word_1_54' title='bbox 594 1729 602 1773; x_wconf 78' lang='grc' dir='ltr'><strong>ι</strong></span> <span class='ocrx_word' id='word_1_55' title='bbox 621 1713 659 1774; x_wconf 89' lang='lat' dir='ltr'>et</span> <span class='ocrx_word' id='word_1_56' title='bbox 674 1700 804 1774; x_wconf 91' lang='lat' dir='ltr'>audito</span> <span class='ocrx_word' id='word_1_57' title='bbox 817 1697 988 1796; x_wconf 82' lang='lat' dir='ltr'>clangore</span> <span class='ocrx_word' id='word_1_58' title='bbox 1001 1699 1199 1774; x_wconf 71' lang='lat' dir='ltr'>recanduit</span> <span class='ocrx_word' id='word_1_59' title='bbox 1210 1701 1281 1776; x_wconf 87' lang='lat' dir='ltr'>ira.</span> 
     </span>
    </p>

    <p class='ocr_par' dir='ltr' id='par_1_6' title="bbox 453 1833 1499 2326">
     <span class='ocr_line' id='line_1_10' title="bbox 501 1833 1494 1933; baseline -0.004 -21"><span class='ocrx_word' id='word_1_60' title='bbox 501 1837 633 1912; x_wconf 89' lang='lat' dir='ltr'>Monte</span> <span class='ocrx_word' id='word_1_61' title='bbox 646 1835 723 1912; x_wconf 69' lang='lat' dir='ltr'>fero</span> <span class='ocrx_word' id='word_1_62' title='bbox 736 1833 862 1910; x_wconf 85' lang='lat' dir='ltr'>medio</span> <span class='ocrx_word' id='word_1_63' title='bbox 877 1845 950 1931; x_wconf 88' lang='lat' dir='ltr'>est,</span> <span class='ocrx_word' id='word_1_64' title='bbox 966 1834 1205 1932; x_wconf 84' lang='lat' dir='ltr'>cingentibus</span> <span class='ocrx_word' id='word_1_65' title='bbox 1220 1835 1357 1909; x_wconf 85' lang='lat' dir='ltr'>ultima</span> <span class='ocrx_word' id='word_1_66' title='bbox 1369 1836 1494 1933; x_wconf 86' lang='lat' dir='ltr'>silvis,</span> 
     </span>
     <span class='ocr_line' id='line_1_11' title="bbox 454 1961 1499 2062; baseline -0.004 -23"><span class='ocrx_word' id='word_1_67' title='bbox 454 1965 580 2042; x_wconf 85' lang='lat' dir='ltr'>Purus</span> <span class='ocrx_word' id='word_1_68' title='bbox 596 1967 643 2040; x_wconf 87' lang='lat' dir='ltr'>ab</span> <span class='ocrx_word' id='word_1_69' title='bbox 656 1965 874 2060; x_wconf 78' lang='lat' dir='ltr'>arboribus,</span> <span class='ocrx_word' id='word_1_70' title='bbox 894 1962 1106 2060; x_wconf 77' lang='lat' dir='ltr'>spectabilis</span> <span class='ocrx_word' id='word_1_71' title='bbox 1121 1961 1318 2062; x_wconf 89' lang='lat' dir='ltr'>undique,</span> <span class='ocrx_word' id='word_1_72' title='bbox 1333 1990 1499 2062; x_wconf 83' lang='lat' dir='ltr'>campus.</span> 
     </span>
     <span class='ocr_line' id='line_1_12' title="bbox 455 2095 1322 2192; baseline 0 -22"><span class='ocrx_word' id='word_1_73' title='bbox 455 2095 528 2171; x_wconf 82' lang='lat' dir='ltr'>Hic</span> <span class='ocrx_word' id='word_1_74' title='bbox 541 2097 659 2172; x_wconf 89' lang='lat' dir='ltr'>oculis</span> <span class='ocrx_word' id='word_1_75' title='bbox 674 2097 786 2172; x_wconf 91' lang='lat' dir='ltr'>illum</span> <span class='ocrx_word' id='word_1_76' title='bbox 799 2107 1018 2173; x_wconf 83' lang='lat' dir='ltr'>cernentem</span> <span class='ocrx_word' id='word_1_77' title='bbox 1035 2119 1138 2168; x_wconf 83' lang='lat' dir='ltr'>sacra</span> <span class='ocrx_word' id='word_1_78' title='bbox 1151 2095 1322 2192; x_wconf 78' lang='lat' dir='ltr'>profanis</span> 
     </span>
     <span class='ocr_line' id='line_1_13' title="bbox 453 2227 1388 2326; baseline -0.002 -24"><span class='ocrx_word' id='word_1_79' title='bbox 453 2227 582 2302; x_wconf 88' lang='lat' dir='ltr'>Prima</span> <span class='ocrx_word' id='word_1_80' title='bbox 597 2229 724 2325; x_wconf 83' lang='lat' dir='ltr'>videt,</span> <span class='ocrx_word' id='word_1_81' title='bbox 743 2229 868 2326; x_wconf 88' lang='lat' dir='ltr'>prima</span> <span class='ocrx_word' id='word_1_82' title='bbox 885 2239 941 2302; x_wconf 88' lang='lat' dir='ltr'>est</span> <span class='ocrx_word' id='word_1_83' title='bbox 953 2227 1089 2302; x_wconf 88' lang='lat' dir='ltr'>insano</span> <span class='ocrx_word' id='word_1_84' title='bbox 1102 2227 1248 2301; x_wconf 83' lang='lat' dir='ltr'>concita</span> <span class='ocrx_word' id='word_1_85' title='bbox 1259 2241 1388 2325; x_wconf 86' lang='lat' dir='ltr'>motu,</span> 
     </span>
    </p>

    <p class='ocr_par' dir='ltr' id='par_1_7' title="bbox 453 2351 1362 2456">
     <span class='ocr_line' id='line_1_14' title="bbox 453 2351 1362 2456; baseline 0 -24"><span class='ocrx_word' id='word_1_86' title='bbox 453 2351 583 2432; x_wconf 84' lang='lat' dir='ltr'>Prima</span> <span class='ocrx_word' id='word_1_87' title='bbox 599 2385 714 2434; x_wconf 87' lang='lat' dir='ltr'>suum</span> <span class='ocrx_word' id='word_1_88' title='bbox 730 2359 847 2433; x_wconf 89' lang='lat' dir='ltr'>misso</span> <span class='ocrx_word' id='word_1_89' title='bbox 864 2357 1025 2432; x_wconf 87' lang='lat' dir='ltr'>violavit</span> <span class='ocrx_word' id='word_1_90' title='bbox 1041 2357 1208 2432; x_wconf 85' lang='lat' dir='ltr'>Penthea</span> <span class='ocrx_word' id='word_1_91' title='bbox 1225 2357 1362 2456; x_wconf 82' lang='lat' dir='ltr'>thyrso</span> 
     </span>
    </p>

    <p class='ocr_par' dir='ltr' id='par_1_8' title="bbox 455 2487 1398 2588">
     <span class='ocr_line' id='line_1_15' title="bbox 455 2487 1398 2588; baseline 0.001 -26"><span class='ocrx_word' id='word_1_92' title='bbox 455 2488 576 2563; x_wconf 88' lang='lat' dir='ltr'>Mater</span> <span class='ocrx_word' id='word_1_93' title='bbox 593 2517 601 2564; x_wconf 93' lang='lat'>:</span> <span class='ocrx_word' id='word_1_94' title='bbox 618 2489 678 2588; x_wconf 89' lang='lat' dir='ltr'>Io,</span> <span class='ocrx_word' id='word_1_95' title='bbox 693 2490 870 2588; x_wconf 80' lang='lat' dir='ltr'>geminae,</span> <span class='ocrx_word' id='word_1_96' title='bbox 886 2489 1081 2587; x_wconf 80' lang='lat' dir='ltr'>clamavit,</span> <span class='ocrx_word' id='word_1_97' title='bbox 1100 2487 1224 2562; x_wconf 83' lang='lat' dir='ltr'>adeste</span> <span class='ocrx_word' id='word_1_98' title='bbox 1239 2513 1398 2563; x_wconf 79' lang='lat' dir='ltr'>sorores.</span> 
     </span>
    </p>

    <p class='ocr_par' dir='ltr' id='par_1_9' title="bbox 453 2617 1419 2716">
     <span class='ocr_line' id='line_1_16' title="bbox 453 2617 1419 2716; baseline -0.001 -23"><span class='ocrx_word' id='word_1_99' title='bbox 453 2618 522 2693; x_wconf 89' lang='lat' dir='ltr'>Ille</span> <span class='ocrx_word' id='word_1_100' title='bbox 534 2644 643 2716; x_wconf 82' lang='lat' dir='ltr'>aper,</span> <span class='ocrx_word' id='word_1_101' title='bbox 658 2618 701 2694; x_wconf 87' lang='lat' dir='ltr'>in</span> <span class='ocrx_word' id='word_1_102' title='bbox 717 2618 855 2694; x_wconf 88' lang='lat' dir='ltr'>nostris</span> <span class='ocrx_word' id='word_1_103' title='bbox 869 2630 970 2694; x_wconf 87' lang='lat' dir='ltr'>errat</span> <span class='ocrx_word' id='word_1_104' title='bbox 982 2617 1052 2716; x_wconf 89' lang='lat' dir='ltr'>qui</span> <span class='ocrx_word' id='word_1_105' title='bbox 1068 2617 1261 2693; x_wconf 84' lang='lat' dir='ltr'>maximus</span> <span class='ocrx_word' id='word_1_106' title='bbox 1274 2619 1370 2716; x_wconf 84' lang='lat' dir='ltr'>agris</span> <span class='ocrx_word' id='word_1_107' title='bbox 1390 2628 1419 2716; x_wconf 88' lang='lat'>¹,</span> 
     </span>
    </p>

    <p class='ocr_par' dir='ltr' id='par_1_10' title="bbox 454 2731 1561 3498">
     <span class='ocr_line' id='line_1_17' title="bbox 454 2731 1459 2854; baseline -0.002 -26"><span class='ocrx_word' id='word_1_108' title='bbox 454 2752 523 2828; x_wconf 89' lang='lat' dir='ltr'>llle</span> <span class='ocrx_word' id='word_1_109' title='bbox 537 2753 636 2854; x_wconf 69' lang='lat' dir='ltr'>mjhi</span> <span class='ocrx_word' id='word_1_110' title='bbox 652 2753 846 2827; x_wconf 82' lang='lat' dir='ltr'>feriendus</span> <span class='ocrx_word' id='word_1_111' title='bbox 861 2779 966 2850; x_wconf 88' lang='lat' dir='ltr'>aper.</span> <span class='ocrx_word' id='word_1_112' title='bbox 987 2749 1082 2826; x_wconf 85' lang='lat' dir='ltr'>Ruit</span> <span class='ocrx_word' id='word_1_113' title='bbox 1099 2751 1229 2826; x_wconf 89' lang='lat' dir='ltr'>omnis</span> <span class='ocrx_word' id='word_1_114' title='bbox 1246 2753 1291 2824; x_wconf 91' lang='lat' dir='ltr'>in</span> <span class='ocrx_word' id='word_1_115' title='bbox 1305 2777 1432 2826; x_wconf 87' lang='lat' dir='ltr'>unum</span> <span class='ocrx_word' id='word_1_116' title='bbox 1456 2731 1459 2736; x_wconf 18' lang='lat'>¹</span> 
     </span>
     <span class='ocr_line' id='line_1_18' title="bbox 458 2889 1560 2982; baseline -0.011 -18"><span class='ocrx_word' id='word_1_117' title='bbox 458 2889 588 2964; x_wconf 87' lang='lat' dir='ltr'>Turba</span> <span class='ocrx_word' id='word_1_118' title='bbox 599 2890 731 2965; x_wconf 84' lang='lat' dir='ltr'>furens</span> <span class='ocrx_word' id='word_1_119' title='bbox 750 2917 758 2964; x_wconf 75' lang='grc' dir='ltr'><strong>ε</strong></span> <span class='ocrx_word' id='word_1_120' title='bbox 773 2900 918 2963; x_wconf 78' lang='lat' dir='ltr'>cunctae</span> <span class='ocrx_word' id='word_1_121' title='bbox 933 2892 1093 2982; x_wconf 85' lang='lat' dir='ltr'>oo&#39;e&#39;unt,</span> <span class='ocrx_word' id='word_1_122' title='bbox 1113 2896 1337 2982; x_wconf 69' lang='lat' dir='ltr'>cunctaeque</span> <span class='ocrx_word' id='word_1_123' title='bbox 1352 2897 1560 2981; x_wconf 71' lang='lat' dir='ltr'>sequuntur,</span> 
     </span>
     <span class='ocr_line' id='line_1_19' title="bbox 459 3017 1561 3119; baseline -0.007 -23"><span class='ocrx_word' id='word_1_124' title='bbox 459 3024 544 3096; x_wconf 86' lang='lat' dir='ltr'>Jam</span> <span class='ocrx_word' id='word_1_125' title='bbox 560 3021 772 3119; x_wconf 81' lang='lat' dir='ltr'>trepidum,</span> <span class='ocrx_word' id='word_1_126' title='bbox 785 3025 863 3118; x_wconf 80' lang='lat' dir='ltr'>jam</span> <span class='ocrx_word' id='word_1_127' title='bbox 881 3023 997 3096; x_wconf 81' lang='lat' dir='ltr'>verbs</span> <span class='ocrx_word' id='word_1_128' title='bbox 1014 3020 1144 3096; x_wconf 77' lang='lat' dir='ltr'>minus</span> <span class='ocrx_word' id='word_1_129' title='bbox 1160 3017 1329 3092; x_wconf 83' lang='lat' dir='ltr'>violenta</span> <span class='ocrx_word' id='word_1_130' title='bbox 1344 3017 1561 3114; x_wconf 76' lang='lat' dir='ltr'>loquenten,</span> 
     </span>
     <span class='ocr_line' id='line_1_20' title="bbox 459 3151 1408 3256; baseline -0.003 -28"><span class='ocrx_word' id='word_1_131' title='bbox 459 3155 543 3231; x_wconf 88' lang='lat' dir='ltr'>Jam</span> <span class='ocrx_word' id='word_1_132' title='bbox 559 3182 599 3229; x_wconf 88' lang='lat' dir='ltr'>se</span> <span class='ocrx_word' id='word_1_133' title='bbox 611 3156 871 3256; x_wconf 83' lang='lat' dir='ltr'>damnantem,</span> <span class='ocrx_word' id='word_1_134' title='bbox 888 3159 963 3255; x_wconf 81' lang='lat' dir='ltr'>jam</span> <span class='ocrx_word' id='word_1_135' title='bbox 980 3181 1018 3229; x_wconf 88' lang='lat' dir='ltr'>se</span> <span class='ocrx_word' id='word_1_136' title='bbox 1033 3179 1201 3254; x_wconf 74' lang='lat' dir='ltr'>peccasse</span> <span class='ocrx_word' id='word_1_137' title='bbox 1217 3151 1408 3228; x_wconf 82' lang='lat' dir='ltr'>fatentem.</span> 
     </span>
     <span class='ocr_line' id='line_1_21' title="bbox 459 3283 1457 3384; baseline -0.004 -26"><span class='ocrx_word' id='word_1_138' title='bbox 459 3283 616 3358; x_wconf 81' lang='lat' dir='ltr'>Saucius</span> <span class='ocrx_word' id='word_1_139' title='bbox 631 3285 695 3359; x_wconf 91' lang='lat' dir='ltr'>ille</span> <span class='ocrx_word' id='word_1_140' title='bbox 707 3299 851 3383; x_wconf 84' lang='lat' dir='ltr'>tamen,</span> <span class='ocrx_word' id='word_1_141' title='bbox 868 3287 939 3360; x_wconf 83' lang='lat' dir='ltr'>Fer</span> <span class='ocrx_word' id='word_1_142' title='bbox 951 3311 1080 3384; x_wconf 86' lang='lat' dir='ltr'>opem,</span> <span class='ocrx_word' id='word_1_143' title='bbox 1097 3295 1315 3381; x_wconf 84' lang='lat' dir='ltr'>matertera,</span> <span class='ocrx_word' id='word_1_144' title='bbox 1334 3283 1457 3377; x_wconf 65' lang='lat' dir='ltr'>(lixit,</span> 
     </span>
     <span class='ocr_line' id='line_1_22' title="bbox 462 3419 1408 3498; baseline -0.002 -6"><span class='ocrx_word' id='word_1_145' title='bbox 462 3420 638 3494; x_wconf 76' lang='lat' dir='ltr'>Autono&#39;e</span> <span class='ocrx_word' id='word_1_146' title='bbox 656 3435 859 3497; x_wconf 82' lang='lat' dir='ltr'>:moveant</span> <span class='ocrx_word' id='word_1_147' title='bbox 877 3425 1024 3498; x_wconf 86' lang='lat' dir='ltr'>animos</span> <span class='ocrx_word' id='word_1_148' title='bbox 1043 3419 1231 3496; x_wconf 86' lang='lat' dir='ltr'>Actaeonis</span> <span class='ocrx_word' id='word_1_149' title='bbox 1248 3420 1408 3495; x_wconf 70' lang='lat' dir='ltr'>umbrae.</span> 
     </span>
    </p>

    <p class='ocr_par' dir='ltr' id='par_1_11' title="bbox 461 3551 1409 3782">
     <span class='ocr_line' id='line_1_23' title="bbox 461 3551 1409 3652; baseline -0.002 -26"><span class='ocrx_word' id='word_1_150' title='bbox 461 3553 530 3626; x_wconf 89' lang='lat' dir='ltr'>Illa</span> <span class='ocrx_word' id='word_1_151' title='bbox 545 3551 640 3650; x_wconf 91' lang='lat' dir='ltr'>quid</span> <span class='ocrx_word' id='word_1_152' title='bbox 654 3553 809 3630; x_wconf 85' lang='lat' dir='ltr'>Actaeon</span> <span class='ocrx_word' id='word_1_153' title='bbox 824 3557 961 3652; x_wconf 81' lang='lat' dir='ltr'>nescit3</span> <span class='ocrx_word' id='word_1_154' title='bbox 974 3553 1227 3652; x_wconf 78' lang='lat' dir='ltr'>dextramque</span> <span class='ocrx_word' id='word_1_155' title='bbox 1239 3555 1409 3652; x_wconf 82' lang='lat' dir='ltr'>precanti</span> 
     </span>
     <span class='ocr_line' id='line_1_24' title="bbox 463 3681 1272 3782; baseline 0 -25"><span class='ocrx_word' id='word_1_156' title='bbox 463 3681 632 3757; x_wconf 88' lang='lat' dir='ltr'>Abstulit</span> <span class='ocrx_word' id='word_1_157' title='bbox 647 3711 655 3757; x_wconf 91' lang='lat'>:</span> <span class='ocrx_word' id='word_1_158' title='bbox 670 3681 765 3758; x_wconf 82' lang='lat' dir='ltr'>lnoo</span> <span class='ocrx_word' id='word_1_159' title='bbox 778 3683 937 3759; x_wconf 86' lang='lat' dir='ltr'>lacerata</span> <span class='ocrx_word' id='word_1_160' title='bbox 950 3698 1005 3759; x_wconf 89' lang='lat' dir='ltr'>est</span> <span class='ocrx_word' id='word_1_161' title='bbox 1017 3686 1133 3759; x_wconf 85' lang='lat' dir='ltr'>altera</span> <span class='ocrx_word' id='word_1_162' title='bbox 1147 3697 1272 3782; x_wconf 84' lang='lat' dir='ltr'>raptu.</span> 
     </span>
    </p>

    <p class='ocr_par' dir='ltr' id='par_1_12' title="bbox 464 3813 1397 3919">
     <span class='ocr_line' id='line_1_25' title="bbox 464 3813 1397 3919; baseline -0.003 -29"><span class='ocrx_word' id='word_1_163' title='bbox 464 3817 550 3908; x_wconf 87' lang='lat' dir='ltr'>Non</span> <span class='ocrx_word' id='word_1_164' title='bbox 566 3815 681 3892; x_wconf 86' lang='lat' dir='ltr'>habet</span> <span class='ocrx_word' id='word_1_165' title='bbox 697 3818 834 3894; x_wconf 84' lang='lat' dir='ltr'>infelix</span> <span class='ocrx_word' id='word_1_166' title='bbox 850 3847 936 3919; x_wconf 84' lang='lat' dir='ltr'>quae</span> <span class='ocrx_word' id='word_1_167' title='bbox 950 3821 1064 3895; x_wconf 86' lang='lat' dir='ltr'>matri</span> <span class='ocrx_word' id='word_1_168' title='bbox 1078 3817 1233 3894; x_wconf 84' lang='lat' dir='ltr'>brachia</span> <span class='ocrx_word' id='word_1_169' title='bbox 1248 3813 1397 3911; x_wconf 72' lang='lat' dir='ltr'>tendat,</span> 
     </span>
    </p>
   </div>
   <div class='ocr_carea' id='block_1_5' title="bbox 439 3979 1502 4163">
    <p class='ocr_par' dir='ltr' id='par_1_13' title="bbox 439 3943 1575 4163">
     <span class='ocr_line' id='line_1_26' title="bbox 509 3979 1502 4065; baseline -0.022 -20"><span class='ocrx_word' id='word_1_170' title='bbox 509 3985 519 4017; x_wconf 85' lang='lat'>¹</span> <span class='ocrx_word' id='word_1_171' title='bbox 543 3984 645 4059; x_wconf 67' lang='lat' dir='ltr'>Agave</span> <span class='ocrx_word' id='word_1_172' title='bbox 657 3985 731 4043; x_wconf 84' lang='lat' dir='ltr'>dans</span> <span class='ocrx_word' id='word_1_173' title='bbox 748 4004 804 4045; x_wconf 86' lang='lat' dir='ltr'>son</span> <span class='ocrx_word' id='word_1_174' title='bbox 821 3985 910 4046; x_wconf 73' lang='lat' dir='ltr'>delire</span> <span class='ocrx_word' id='word_1_175' title='bbox 922 3987 1067 4065; x_wconf 82' lang='lat' dir='ltr'>bachique</span> <span class='ocrx_word' id='word_1_176' title='bbox 1085 3985 1161 4045; x_wconf 87' lang='lat' dir='ltr'>croit</span> <span class='ocrx_word' id='word_1_177' title='bbox 1176 3982 1243 4042; x_wconf 80' lang='lat' dir='ltr'>soir</span> <span class='ocrx_word' id='word_1_178' title='bbox 1261 3999 1317 4043; x_wconf 79' lang='lat' dir='ltr'>son</span> <span class='ocrx_word' id='word_1_179' title='bbox 1329 3979 1374 4038; x_wconf 72' lang='lat' dir='ltr'>fils</span> <span class='ocrx_word' id='word_1_180' title='bbox 1392 3997 1461 4039; x_wconf 80' lang='lat' dir='ltr'>sous</span> <span class='ocrx_word' id='word_1_181' title='bbox 1476 3980 1502 4035; x_wconf 77' lang='lat' dir='ltr'>la</span> 
     </span>
     <span class='ocr_line' id='line_1_27' title="bbox 439 4083 794 4163; baseline -0.017 -11"><span class='ocrx_word' id='word_1_182' title='bbox 439 4091 443 4100; x_wconf 75' lang='grc'><em>“</em></span> <span class='ocrx_word' id='word_1_183' title='bbox 466 4083 560 4142; x_wconf 70' lang='lat' dir='ltr'>forme</span> <span class='ocrx_word' id='word_1_184' title='bbox 571 4083 644 4146; x_wconf 75' lang='lat' dir='ltr'>‹l’un</span> <span class='ocrx_word' id='word_1_185' title='bbox 657 4085 794 4163; x_wconf 79' lang='lat' dir='ltr'>sauglier.</span> 
     </span>
    </p>
   </div>
   <div class='ocr_carea' id='block_1_6' title="bbox 0 0 1615 5346">
    <p class='ocr_par' dir='ltr' id='par_1_14' title="bbox 0 0 1615 5346">
     <span class='ocr_line' id='line_1_28' title="bbox 0 0 1615 5346; baseline 0 0"><span class='ocrx_word' id='word_1_186' title='bbox 0 0 1615 5346; x_wconf 95' lang='lat' dir='ltr'> </span> 
     </span>
    </p>
   </div>
  </div>
 </body>
</html>
