3220 5330
446 538 509 612 40·
551 555 637 610 uns
667 529 1104 618 ntnsnourflosns
1134 562 1372 642 novius,

445 705 572 792 Quam
587 730 791 780 commune
802 707 902 783 mihi
918 733 1055 807 genus,
1070 723 1108 784 et
1119 713 1299 810 psuuelis
1308 716 1419 812 erigo
1436 725 1459 792 '.

445 835 593 911 Deinde
605 847 712 910 torus
724 838 875 934 junxit3
889 865 996 914 nunc
1010 846 1091 938 ipsa
1102 842 1271 940 pericula
1285 844 1452 943 jungunt
1472 876 1482 921 ε

318 1043 323 1054 ,
443 967 669 1064 Teucrum,
685 993 941 1068 quascumque
956 969 1090 1045 vident
1105 997 1256 1046 occasus
1273 985 1450 1074 eternis,

444 1103 523 1177 Nos
534 1097 613 1176 duo
628 1103 742 1176 turba
758 1128 890 1176 sumus
905 1132 914 1177 ε
927 1102 1092 1201 possedit
1103 1115 1237 1178 cmters
1247 1115 1400 1202 pontus.

443 1234 556 1310 Nunc
569 1260 721 1334 quoque
737 1233 862 1308 adhuc
874 1235 963 1310 viee
980 1261 1060 1309 non
1073 1248 1127 1309 est
1141 1234 1281 1310 fiduc'ia
1291 1249 1436 1312 -nostrae

444 1363 554 1436 certa
567 1363 653 1436 setis
670 1391 678 1436 :
693 1374 837 1436 terrent
850 1361 1060 1437 etiamnum
1076 1361 1207 1435 nubila
1219 1373 1398 1438 mentem.

444 1492 548 1582 Quid
565 1493 656 1592 tibi,
671 1494 703 1566 si
716 1495 798 1568 sine
811 1491 970 1568 mesatis
983 1505 1110 1590 erepta
1124 1490 1277 1590 fuisses,

445 1623 558 1698 Nunc
572 1623 710 1722 animi,
725 1622 955 1721 miserande,
969 1621 1091 1698 foret?
1105 1649 1183 1720 quo
1199 1624 1276 1697 sola
1291 1621 1470 1700 timorem

446 1753 559 1831 Ferre
574 1756 689 1832 modo
703 1757 852 1855 posses?
865 1750 942 1854 quo
958 1753 1188 1852 consolante,
1203 1732 1378 1830 dolores?

445 1885 618 1984 Namque
634 1914 715 1988 ego,
730 1887 839 1962 crede
854 1883 971 1982 mihi,
984 1887 1017 1960 si
1029 1900 1066 1962 te
1078 1885 1193 1962 modi>
1208 1900 1346 1986 pontus
1362 1887 1542 1985 haberet,

447 2015 502 2090 Te
518 2044 713 2117 sequerer,
731 2021 896 2114 conjux:
911 2031 948 2092 et
963 2045 1024 2094 me
1040 2044 1193 2118 quoque
1208 2033 1347 2118 pontus
1364 2020 1535 2096 haberet.

446 2151 482 2223 0
497 2151 505 2221 l
523 2147 672 2222 utinam
685 2151 827 2246 possim
839 2149 998 2246 populos
1012 2175 1185 2246 reperere
1199 2151 1363 2248 paternis
1451 2187 1456 2200 ·

448 2278 627 2376 Artibus3
641 2291 754 2377 atque
769 2278 911 2352 enimus
928 2276 1096 2352 formatae
1113 2275 1315 2352 infundere
1329 2289 1454 2352 teme.

412 2473 415 2480 .
432 2389 561 2487 -'Nunc
576 2439 692 2514 genus
708 2412 751 2487 in
767 2413 877 2492 nobis
892 2423 1006 2486 restet
1020 2410 1177 2484 mortale
1193 2409 1361 2509 duobus,

412 2621 418 2632 ,
449 2539 531 2636 (Sic
547 2542 675 2617 visum
692 2539 862 2639 Superis)
874 2538 1155 2635 hominumque
1170 2537 1341 2636 exempla
1353 2563 1567 2615 manemus.

555 2716 696 2822 lel
719 2718 906 2790 Homines
920 2717 946 2788 ὰ
962 2715 1153 2814 lapidibus
1167 2719 1363 2814 procreati.

497 2902 704 2998 Datum,
724 2912 761 2974 et
776 2899 917 2974 flebunt
933 2899 1098 2998 :placuit
1113 2900 1260 2978 coeleste
1275 2902 1420 3000 precari
1448 2983 1452 2989 ,

450 3033 620 3128 Numen3
637 3042 674 3105 et
688 3029 876 3104 auxilium
894 3055 961 3127 per
975 3055 1092 3104 sacras
1107 3057 1276 3129 quaerere
1292 3043 1421 3108 sortes}
1444 3098 1448 3116 .

449 3159 561 3234 Nulla
574 3185 681 3235 mora
693 3172 770 3256 est3
785 3157 1081 3256 adeunt'pariter
1094 3161 1310 3258 Cephisidas
1326 3161 1469 3260 undas,

449 3285 502 3358 Ut
518 3285 691 3360 nondum
707 3284 891 3382 liquidas,
906 3284 958 3358 sic
973 3287 1049 3379 jam
1064 3285 1159 3359 vada
1175 3299 1264 3360 nota
1279 3301 1455 3376 secantes.

495 3462 507 3492 ⁸
531 3456 667 3532 Quelque
686 3456 751 3513 sein
768 3475 826 3532 que
841 3455 990 3530 j'apporte
1007 3456 1025 3512 i
1041 3473 1198 3514 conserver
1213 3473 1253 3514 nu
1267 3457 1342 3532 style
1360 3455 1488 3515 d'Ovide

451 3568 535 3615 tonte
552 3574 584 3614 ss
597 3553 763 3631 prichina,
777 3555 798 3610 il
810 3574 830 3630 y
841 3573 859 3628 s
870 3553 921 3612 des
934 3554 1083 3612 occasions
1098 3555 1157 3624 cit,
1169 3554 1243 3612 daus
1255 3565 1342 3612 notre
1357 3555 1485 3632 langue,

451 3671 526 3717 cette
538 3656 686 3720 concision
699 3655 883 3714 deviendrsit
895 3653 1053 3712 obscuritt.

674 3769 756 3816 l'dvite
769 3769 843 3818 d'dtre
853 3769 927 3832 long,
940 3779 964 3816 et
974 3769 998 3831 je
1010 3769 1107 3817 deviem
1118 3769 1212 3816 obsoni.

493 3875 534 3932 lei
544 3875 574 3932 lo
583 3875 704 3950 parenti
716 3872 752 3929 de
762 3871 923 3930 Deucalion
933 3911 942 3941 ,
953 3871 998 3929 fils
1008 3871 1045 3929 de
1055 3869 1243 3936 Promtthte,
1254 3885 1325 3926 avec
1337 3885 1369 3925 ss
1379 3867 1488 3925 semme

450 3972 585 4047 Pyrrha,
605 3967 663 4025 fille
682 3968 900 4044 d'llpimethee,
917 3967 995 4028 irim
1014 3968 1051 4027 de
1070 3966 1264 4037 Promethei,
1286 3964 1366 4027 ussit
1383 3963 1487 4024 besoiu

451 4091 532 4152 pour
545 4089 621 4130 nous
634 4069 726 4128 d'itrc
738 4069 899 4147 expliquie.
