3150 5354
393 484 462 576 17ss
513 497 597 554 trs
625 469 1060 550 urirsuonrnosus
1093 495 1313 575 novior,
1356 469 1359 478 ’

452 742 542 816 XX.
570 741 775 814 Ameriam
795 737 1012 810 Gomnrilem
1030 737 1169 835 Apollo
1186 741 1372 839 intefioit.

439 997 587 1072 Tum
603 995 765 1091 dicenti,
780 993 886 1089 Tibi,
901 994 974 1090 ait,
990 993 1247 1089 revocamine,
1262 1019 1421 1093 corvus,

392 1131 477 1206 Sint
488 1153 621 1228 precor
633 1127 703 1202 ista
714 1126 813 1200 malo
830 1153 923 1200 :nos
939 1151 1083 1200 vanum
1096 1126 1314 1223 spernimus
1326 1155 1453 1204 omen.

392 1261 468 1336 Nec
481 1269 648 1357 coeptum
662 1256 822 1330 dimittit
837 1256 909 1330 iter
925 1284 933 1328 :
948 1255 1180 1353 dominoque
1194 1257 1379 1351 jacentem

331 1404 339 1416 “
392 1393 491 1466 Cum
506 1393 645 1486 juvene
658 1387 857 1462 Haemonio
873 1385 1012 1461 vidisse
1026 1388 1213 1462 Coronida
1225 1404 1365 1467 narrat.

393 1519 537 1594 laurea
550 1513 697 1614 delapsa
710 1525 783 1608 est,
799 1511 929 1586 audito
946 1513 1105 1588 crimine
1120 1519 1306 1614 amantis,

392 1645 441 1720 Et
452 1643 592 1744 pariter
608 1651 614 1678 ¹
632 1641 839 1738 vultusque
853 1641 954 1737 Deo,
969 1642 1248 1743 plectrumque,
1264 1649 1444 1748 colorque

395 1773 545 1849 Excidit
561 1802 569 1846 :
585 1785 703 1870 utque
719 1770 870 1846 animus
886 1770 1033 1846 tumidi
1047 1771 1215 1846 fervebat
1230 1776 1278 1849 ab
1291 1776 1348 1850 int
1356 1837 1367 1874 ‚

394 1910 510 1984 Arma
521 1916 666 1978 assuete
677 1903 795 2000 rapit,
810 1902 1031 2004 flexumque
1044 1906 1066 1978 t
1079 1909 1258 1982 cornibus
1271 1937 1403 1988 arcum

393 2043 533 2118 Tendit
549 2070 556 2114 :
573 2053 610 2114 et
625 2040 690 2114 illa
706 2065 775 2113 suo
787 2040 895 2114 toties
912 2066 1001 2116 cum
1017 2053 1166 2140 pectore
1181 2044 1312 2140 juncta

393 2173 605 2250 ludevitato
621 2173 766 2266 trajecit
781 2185 932 2272 pectora
947 2175 1034 2249 telo.

393 2308 470 2382 Icto
485 2302 589 2378 dedit
604 2302 804 2401 gemitum,
823 2307 1050 2404 tractoque&
1068 2308 1227 2384 vulnere
1243 2311 1363 2409 ferro,

393 2437 561 2514 Candida
573 2436 735 2535 puniceo
750 2437 920 2536 perfudit
936 2443 1105 2516 membra
1118 2469 1254 2518 cruore
1269 2477 1280 2541 3

393 2579 441 2652 Et
456 2575 575 2673 dixit,
593 2576 705 2650 Potui
721 2601 850 2674 poenas
864 2576 953 2672 tibi,
969 2575 1129 2674 Phoebe,
1147 2578 1317 2677 dedisse5

394 2708 467 2786 sed
483 2708 669 2809 peperisse
686 2710 792 2808 priris
810 2737 818 2782 ε
834 2707 916 2782 duo
932 2735 1038 2784 nunc
1052 2711 1263 2786 moriemur
1277 2714 1320 2786 in
1333 2717 1422 2790 unt.

392 2843 581 2916 Hactenus
599 2870 606 2915 :
622 2852 660 2914 et
675 2840 816 2938 pariter
832 2841 950 2916 vium
966 2867 1055 2918 cum
1067 2844 1248 2942 sanguine
1263 2845 1376 2923 fudit.

393 2977 537 3074 Corpus
554 2975 668 3049 innne
679 2976 817 3050 cnimae
830 2977 948 3075 frigus
963 2978 1073 3054 letale
1089 2993 1262 3058 secutum
1279 2997 1345 3059 ost

442 3111 605 3185 Poenitet
621 3111 720 3186 heu!
738 3113 820 3186 sert
837 3138 960 3210 poenae
977 3115 1139 3190 crudelis
1155 3131 1368 3216 amantem,

392 3247 536 3346 Seque,
550 3245 653 3343 quod
670 3246 850 3345 audierit,
865 3249 968 3349 quod
985 3252 1038 3326 sic
1052 3253 1251 3352 exarserit,
1270 3255 1362 3330 odit.

438 3481 447 3512 ¹
469 3477 591 3554 Cheque
604 3477 711 3556 langue
721 3498 738 3536 a
750 3499 805 3538 son
815 3483 909 3560 genie.
922 3483 1140 3562 L'indignrtion
1149 3487 1191 3546 dn
1201 3488 1269 3546 dieu
1280 3499 1323 3546 est
1332 3493 1433 3566 expri-

396 3579 459 3636 mde
477 3577 515 3636 ici
532 3597 588 3654 per
606 3599 666 3638 une
685 3583 892 3641 enumtretion
911 3590 1027 3661 preesse
1046 3599 1075 3646 et
1093 3587 1206 3663 rapide.
1226 3589 1309 3646 Cette
1326 3589 1432 3648 beaute

395 3679 534 3756 poetique
551 3691 595 3738 est
610 3685 782 3757 compenste
796 3683 869 3762 dorp
885 3685 914 3740 ln
929 3687 1048 3744 version
1061 3707 1117 3762 per
1131 3707 1190 3745 une
1204 3707 1299 3764 coupe
1315 3688 1351 3746 de
1367 3709 1432 3749 vers

395 3777 462 3837 eive
474 3791 503 3836 et
514 3779 692 3854 suspendae.
708 3783 773 3841 Une
788 3783 981 3843 excumuon
991 3785 1163 3862 pretionnte
1176 3787 1321 3863 remplnce
1334 3789 1432 3846 audito

394 3875 513 3934 ennom
528 3879 664 3936 amoris.
