3150 5354
450 601 519 674 188
563 619 646 674 nes
676 589 1119 674 nbranoneuosns
1151 615 1375 694 n’ovmn,

445 739 624 840 nocitus
635 768 678 841 in
691 793 846 866 gynun,
862 793 932 842 nec
944 769 1092 866 longius
1104 769 1218 843 auae
1232 753 1357 866 abira

443 897 632 995 Spemque
644 925 750 974 suam
763 900 874 974 motis
886 899 1022 973 avidus
1035 899 1284 976 circumvolat
1296 902 1364 975 alis
1382 931 1391 975 ε

444 1028 504 1102 Sic
521 1055 634 1125 super
646 1029 786 1102 Actaeas
803 1029 907 1126 agilis
924 1030 1118 1127 Cyllenius
1133 1057 1235 1104 arces

443 1158 608 1232 Inclinat
623 1186 775 1255 cursus,
792 1171 829 1233 et
845 1159 992 1233 easdem
1009 1161 1168 1235 circinat
1181 1189 1303 1238 auras.

492 1293 645 1379 Quanto
660 1293 913 1393 splendidior,
930 1297 1043 1394 quam
1058 1309 1191 1370 caetera
1206 1298 1348 1395 sidera,
1363 1297 1480 1394 fulget

442 1426 615 1523 Lucifer,
635 1441 672 1500 et
689 1441 831 1524 quanto
849 1441 905 1522 te,
922 1427 1089 1524 Lucifer,
1105 1455 1219 1503 aurea
1234 1429 1400 1525 Phoebe3

441 1557 564 1632 Tanto
576 1559 788 1656 virginibus
802 1560 1038 1656 prestantior
1051 1561 1229 1634 omuibus
1241 1562 1359 1635 Herse

441 1687 523 1760 Ibat
540 1717 547 1760 :
564 1701 717 1787 cratque
729 1689 844 1764 decus
857 1715 1023 1786 pompae,
1039 1694 1298 1790 comitumque
1310 1720 1480 1768 suarum.

360 1881 361 1886 η
442 1825 651 1922 Obstupuit
667 1824 790 1900 formal
804 1809 899 1898 Jove
912 1837 1023 1898 natus
1041 1855 1049 1899 :
1066 1839 1103 1899 et
1119 1825 1258 1901 aetherc
1274 1827 1445 1925 pendens

312 1971 319 1982 ’
440 1957 526 2030 Non
540 1985 645 2034 secus
660 1959 818 2055 exarsit,
835 1959 950 2057 quam
964 1961 1052 2033 clun
1066 1961 1253 2050 Balearica
1265 1963 1469 2061 plumbum

440 2091 468 2164 F
470 2091 573 2164 unda
588 2093 677 2188 jacit
693 2127 701 2166 ;
717 2091 820 2165 volat
833 2090 949 2185 illud,
967 2104 1003 2163 et
1017 2091 1247 2166 incandescit
1259 2093 1410 2190 eund03

441 2224 488 2297 Et
504 2250 599 2321 quos
617 2249 696 2296 non
710 2221 865 2316 habuit,
881 2223 953 2293 sub
969 2207 1139 2294 nubibus
1152 2221 1320 2320 invenit,
1336 2223 1450 2322 ignes.

439 2356 564 2428 Venit
578 2354 877 2451 iter3coeloque,
895 2352 991 2449 petit
1003 2350 1171 2448 diversa,
1187 2353 1318 2426 relicto
1336 2383 1344 2427 :

440 2491 516 2564 Nec
530 2517 568 2563 se
581 2489 794 2564 dissimulat
810 2517 818 2560 ε
835 2499 937 2560 tanta
950 2500 1006 2560 est
1018 2487 1158 2561 fiducia
1173 2487 1316 2561 formae.

440 2621 535 2708 Quae
549 2645 780 2719 quamquam
792 2620 909 2714 justa¹
927 2628 1001 2714 est,
1017 2619 1108 2692 curel
1120 2631 1247 2692 tamen
1260 2619 1413 2714 adjuvat
1427 2621 1537 2694 illaim

439 2753 726 2848 Permulcetque
739 2777 878 2847 comas,
892 2749 1222 2848 chlamydemque,
1232 2763 1277 2824 ut
1288 2750 1447 2848 pendeat
1457 2759 1542 2850 apti,
1562 2773 1563 2833 t

439 2887 603 2960 Collocat
619 2913 627 2958 ι
644 2896 689 2957 ut
701 2883 859 2979 limbus,
875 2895 1075 2980 totumque
1087 2896 1262 2982 appareat
1273 2909 1435 2979 amum,
1562 2855 1563 2930 l

440 3017 492 3090 Ut
505 3030 602 3091 teres
614 3015 659 3088 in
672 3013 825 3109 dextra,
840 3013 917 3110 quat
930 3039 1081 3087 somnos
1094 3013 1200 3086 ducit
1213 3026 1251 3086 et
1262 3027 1381 3109 arcet,

439 3149 552 3249 Virga
565 3150 614 3225 sit
622 3181 633 3247 3
648 3161 694 3222 ut
705 3151 813 3223 tersis
825 3149 972 3222 niteant
984 3149 1112 3223 talaria
1125 3149 1273 3247 plantis.

487 3283 577 3357 Pars
590 3295 729 3357 secreta
741 3281 877 3357 domds
890 3285 1001 3357 ebore
1015 3296 1051 3356 ct
1063 3285 1252 3358 testudine
1265 3283 1385 3360 cultos

438 3413 530 3489 Tres
538 3415 676 3489 habuit
682 3415 865 3489 thalamos
875 3423 887 3453 ¹
898 3445 905 3489 :
916 3441 1082 3513 quorum
1089 3427 1146 3512 tu,
1155 3415 1356 3512 Pandrose,
1364 3415 1541 3494 dextruat,

483 3613 490 3640 ¹
515 3603 616 3681 Iusta,
632 3609 787 3686 reguliere.
799 3611 841 3667 Le
853 3609 920 3668 soin
932 3611 1056 3668 curieux
1068 3629 1127 3688 que
1140 3613 1276 3670 Mercure
1289 3613 1389 3670 donne
1402 3613 1474 3670 lases

439 3710 639 3783 ajustemens,
653 3723 697 3768 est
714 3730 774 3769 une
789 3704 960 3788 expression
971 3710 1067 3770 fidelle
1084 3723 1113 3769 et
1128 3690 1279 3790 gracieuae
1294 3711 1338 3770 du
1350 3713 1427 3772 desit
1438 3713 1474 3771 de

438 3809 542 3886 plaire.

481 3916 494 3948 ⁸
521 3909 698 3982 Thalamus,
712 3931 751 3969 au
762 3931 891 3988 propre,
904 3913 956 3983 lit;
967 3923 997 3970 et
1006 3931 1062 3990 par
1073 3915 1271 3992 metonymic,
1284 3914 1421 3974 chambre
1431 3915 1471 3972 du
1562 3989 1563 3992 Ἴ

442 4011 496 4068 lit:
512 4009 1183 4088 c’cstdanscesensqu'iltauticil'emendre.
1562 3997 1563 4014 ¹
