3150 5354
417 573 487 624 202
529 565 614 622 nus
644 537 1084 620 nrt-rauoupaotas
1117 563 1368 644 novior„

415 713 537 790 Nuttae
550 713 593 788 in
606 714 730 788 fmnte
746 713 882 810 minae,
897 739 968 787 neo
980 713 1218 791 formidabile
1231 720 1382 816 lumen;

417 846 550 922 Pacem
565 847 696 920 vultus
710 844 834 920 habet.
850 845 1013 920 Miratur
1026 845 1196 944 Agenore
1208 862 1314 948 nata,

417 975 529 1062 Quod
545 987 623 1050 tam
635 973 841 1070 formosus,
857 973 960 1071 quod
978 975 1113 1071 p'roelia
1126 975 1232 1050 nulla
1246 977 1429 1052 minetur.

416 1103 507 1201 Sed,
524 1105 699 1203 quamvis
710 1106 862 1200 mitem,
875 1103 1013 1180 metuit
1024 1105 1240 1206 contingere
1252 1107 1377 1206 primd
1395 1115 1404 1144 ¹
1416 1138 1428 1204 ;
1514 1135 1520 1140 ·

414 1235 508 1309 Mox
519 1233 617 1330 adit,
632 1243 669 1306 et
681 1232 791 1308 floreo
803 1231 851 1308 ad
865 1229 1023 1307 candida
1034 1233 1193 1332 porrigit
1204 1261 1281 1310 ora.

415 1366 563 1442 Gaudet
575 1393 705 1442 amans
722 1396 730 1440 ε
746 1378 801 1463 et,
816 1365 911 1442 dum
923 1366 1053 1440 veniat
1065 1379 1210 1464 sperata
1222 1367 1417 1464 voluptas,

416 1499 555 1575 Oscula
567 1498 632 1573 dat
647 1497 825 1573 manibus
842 1526 850 1571 ε
866 1497 936 1571 vix
948 1497 997 1572 nh
1009 1499 1017 1571 l
1035 1497 1106 1570 vix
1118 1510 1250 1572 caetera
1262 1495 1401 1570 differt.

415 1629 463 1703 Et
474 1653 581 1705 nunc
594 1628 748 1726 alludit,
764 1628 958 1724 viridique
974 1626 1137 1702 exsultat
1149 1627 1192 1700 in
1205 1626 1343 1722 herbit3

414 1761 448 1835 N
450 1789 526 1836 unc
540 1762 639 1837 latus
652 1763 695 1836 in
707 1760 824 1838 fulvis
838 1761 998 1836 niveum
1011 1757 1168 1858 deponit
1179 1757 1314 1831 arenis.

415 1889 680 1989 Paulatimque
696 1902 802 1966 metu
815 1888 965 1986 demto,
980 1887 1094 1962 modd
1106 1899 1257 1986 pectora
1267 1885 1411 1984 praebet

415 2017 591 2116 Virginea
606 2016 820 2115 plaudenda
831 2043 970 2112 manu3
986 2016 1100 2090 modi>
1114 2040 1258 2090 oornua
1269 2013 1378 2088 sertis

416 2147 662 2247 Impedienda
673 2151 797 2224 novis.
813 2149 915 2224 Ausa
928 2160 983 2222 est
995 2175 1148 2247 qunque
1161 2147 1261 2246 regia
1272 2145 1400 2244 virgo,

416 2275 546 2350 Nescia
559 2303 674 2375 quem
688 2286 703 2316 ⁸
715 2289 921 2377 premeret,
936 2291 1038 2377 tergo
1052 2278 1244 2354 considere
1257 2277 1370 2352 tauri.

416 2409 515 2484 Ciam
528 2412 632 2485 Deus
645 2437 667 2485 a
679 2413 799 2512 terra,
814 2413 987 2512 siccoque
1004 2441 1025 2488 a
1040 2413 1168 2510 litore,
1185 2413 1323 2488 sensim

416 2538 520 2614 Falsa
532 2537 545 2578 ³
559 2541 701 2640 pedum
718 2544 852 2643 primis
865 2544 1020 2644 vestigia
1031 2545 1140 2644 ponit
1152 2543 1195 2617 in
1208 2543 1334 2619 undis.

417 2669 511 2746 Inde
527 2673 606 2747 abit
619 2675 796 2773 ulterius,
811 2677 1005 2775 mediique
1020 2703 1088 2776 per
1101 2703 1253 2774 aequom
1264 2677 1374 2774 ponti

417 2803 505 2878 Fert
517 2803 694 2901 praedam.
710 2806 827 2880 Pavet
839 2807 940 2904 haec,
955 2808 1121 2905 litusque
1134 2809 1254 2882 ablata
1265 2805 1439 2880 relicum

418 2931 584 3032 Respicit
600 2965 608 3010 :
625 2949 662 3010 et
674 2936 808 3012 dextrd
820 2963 941 3013 cornu
954 2951 1075 3034 tenet3
1090 2940 1206 3012 altera
1216 2937 1328 3012 dorso

419 3061 598 3161 Imposita
611 3077 666 3139 est
683 3095 691 3140 :
706 3068 878 3142 tremulae
892 3067 1094 3144 sinuantur
1106 3066 1259 3143 flamine
1272 3077 1404 3139 vestes.

459 3264 469 3294 ²
490 3261 567 3331 Quel
580 3261 697 3321 oharme
707 3263 745 3321 de
758 3265 833 3341 style
844 3263 918 3322 daus
929 3275 1003 3344 cette
1013 3263 1151 3340 peinture
1162 3271 1248 3321 natve
1257 3261 1294 3319 de
1304 3262 1333 3320 la
1343 3259 1458 3336 simpli-

419 3357 475 3414 cite
488 3359 530 3416 du
541 3357 631 3433 jeune
643 3361 697 3437 dge
709 3375 739 3418 et
753 3363 790 3421 de
801 3364 830 3422 ln
844 3362 968 3420 timiditt
982 3363 1127 3420 mturelle
1139 3380 1179 3419 an
1193 3361 1281 3419 sene!

463 3457 476 3488 ¹
495 3457 676 3513 Retranchez
684 3469 759 3516 cette
768 3457 959 3529 rdflexion,et
969 3478 999 3518 sa
1009 3471 1092 3535 perte
1102 3477 1179 3517 vous
1188 3458 1251 3518 fera
1260 3457 1359 3516 mieux
1367 3455 1458 3512 teutir

421 3564 488 3609 tout
501 3570 556 3610 son
567 3552 646 3629 prix.
1080 3565 1082 3572 ’

461 3645 475 3684 ⁸
495 3651 604 3719 Falsa,
620 3651 843 3724 dest-d-dire,
856 3665 1045 3730 trompeurs3
1063 3665 1091 3712 et
1108 3669 1170 3710 uon
1182 3652 1224 3709 les
1235 3669 1288 3728 pm
1301 3651 1375 3710 d'un
1387 3649 1459 3708 frux

422 3757 565 3817 tauram,
581 3747 663 3808 aelon
674 3749 871 3828 l’explieation
881 3751 994 3814 seutiae
1004 3751 1056 3812 deo
1067 3750 1250 3812 Scholinotet.
