3176 5338
715 605 879 633 §UOD-§Q-
884 605 922 628 Q·
926 605 1502 634 §OQQWUQQQMQQQSQMRC

770 773 1177 920 REPONSE

615 1079 706 1172 ua
732 1016 793 1172 li.
824 1075 1331 1174 ousuueluoa.

459 1487 510 1578 lt
523 1533 548 1600 y
563 1511 784 1600 along-tems,
800 1510 937 1577 aitnable
950 1522 1136 1598 pruseteuu,
1148 1535 1212 1601 que
1219 1498 1351 1597 j’auruis
1364 1518 1506 1584 renone&

459 1615 478 1682 ὲ
494 1639 540 1682 un
551 1639 649 1705 genre
660 1617 700 1684 de
713 1617 926 1708 composition
947 1617 1004 1703 qui
1019 1627 1121 1684 etant
1132 1615 1172 1684 de
1183 1613 1394 1687 difficultee'et
1404 1623 1431 1688 si
1441 1645 1507 1713 peu

458 1724 499 1791 de
509 1725 621 1814 juges,
633 1726 659 1791 ai
669 1727 703 1818 je
714 1723 835 1792 n’avais
847 1723 956 1813 aspere
969 1745 1032 1810 que
1043 1723 1197 1811 quelques
1207 1724 1319 1812 esprita
1332 1725 1509 1816 distingues

458 1853 514 1896 me
529 1831 847 1920 dedommegeaaient
860 1830 900 1894 de
913 1827 944 1894 la
964 1829 1058 1916 peine
1078 1829 1226 1917 qu'exige
1245 1851 1309 1895 une
1323 1831 1509 1900 traduction

329 1988 335 1998 ,
461 1960 505 2003 en
518 1958 608 2020 vera,
632 1960 674 2004 en
697 1947 837 2026 prenant
856 1932 1104 2001 eux-memesla
1122 1933 1216 2022 peine
1229 1932 1332 1999 deme
1345 1934 1420 2000 bien
1435 1937 1506 2002 lire.

463 2043 559 2112 Voua
578 2066 673 2124 avez,
688 2067 773 2132 pour
785 2054 875 2108 votre
891 2050 1041 2127 compte,
1055 2039 1166 2104 realis&
1179 2061 1260 2104 mon
1273 2043 1455 2129 esperanoe.
1471 2041 1512 2107 Je

463 2169 544 2212 vous
565 2171 608 2214 en
627 2148 687 2212 sais
707 2147 853 2211 d’autant
874 2145 947 2234 plue
965 2141 1005 2207 de
1022 2144 1099 2229 gre,
1118 2164 1181 2230 que
1204 2144 1231 2208 si
1247 2144 1314 2208 l’on
1335 2158 1510 2212 renconue

464 2252 631 2341 beaucoup
653 2252 692 2320 de
713 2252 851 2318 leoteurs
860 2300 870 2333 ,
886 2251 947 2337 ily
962 2271 981 2313 a
995 2246 1069 2312 bien
1080 2269 1144 2336 peu
1158 2247 1197 2312 de
1211 2269 1289 2335 gens
1305 2249 1362 2337 qui
1375 2249 1512 2316 sachent

464 2356 539 2439 lire,
554 2369 586 2423 et
598 2359 719 2448 qu’une
731 2358 852 2423 lecture
866 2355 906 2420 de
921 2377 958 2420 ee
970 2374 1068 2440 genre
1086 2363 1131 2417 eet
1144 2367 1210 2418 une
1221 2353 1375 2418 veriubte
1387 2351 1511 2442 fatigue

464 2483 549 2550 pour
563 2485 610 2528 un
624 2462 773 2552 Sybarite
784 2461 907 2526 conche
919 2460 937 2524 ai
948 2481 1006 2524 aon
1018 2459 1081 2522 aiee
1094 2479 1149 2521 aur
1163 2477 1221 2522 aon
1233 2457 1270 2521 lit
1283 2456 1323 2523 de
1332 2480 1436 2548 prose.
1452 2461 1512 2526 On

464 2567 544 2634 odit
560 2591 624 2659 que
640 2567 760 2635 celleoi
782 2569 888 2634 etaitl
901 2566 934 2631 la
956 2564 1080 2655 poesie,
1100 2583 1137 2628 oe
1153 2565 1252 2652 qu’eet
1267 2564 1297 2630 le
1316 2566 1433 2656 simple
1451 2566 1513 2632 de-

464 2671 625 2740 marchet
637 2695 702 2738 une
713 2671 810 2736 danae
820 2670 983 2758 gracieuse
992 2679 1025 2734 et
1037 2667 1111 2732 bion
1122 2668 1276 2732 mesurae.
1294 2668 1351 2735 On
1361 2668 1514 2758 pourreit

465 2779 609 2868 ajouter,
620 2800 699 2845 aveo
710 2799 778 2844 non
785 2776 941 2842 moinsde
947 2775 1094 2862 juateeae,
1106 2795 1169 2861 que
1180 2773 1209 2838 le
1219 2775 1312 2864 poete
1323 2775 1515 2842 traduoteur

465 2897 511 2952 eet
522 2909 564 2952 au
577 2887 670 2977 poete
688 2884 866 2966 ordinaire,
880 2905 917 2949 ee
929 2884 1030 2971 qu'eet
1041 2902 1089 2946 un
1101 2881 1262 2968 voltigeur
1272 2892 1305 2946 et
1315 2903 1362 2947 un
1372 2882 1516 2948 danaem·

466 2993 505 3058 de
516 2991 641 3060 cordat
657 3015 705 3057 un
714 2991 854 3058 danseur
865 2991 906 3055 de
920 2989 1052 3078 l’opera.

568 3151 620 3205 Ille
629 3170 680 3220 per
689 3163 828 3202 extentum
831 3145 936 3220 sunem
949 3145 1021 3198 mili
1030 3163 1109 3216 posse
1121 3145 1233 3196 videtur

570 3238 616 3288 Ite
626 3243 715 3306 polla.

513 3382 688 3449 Comment
701 3380 854 3447 aecorder
865 3393 947 3447 cette
958 3383 1070 3448 liberte
1082 3380 1121 3447 de
1133 3379 1225 3467 genie
1235 3379 1261 3444 si
1271 3379 1473 3446 neoeueirel
1487 3382 1523 3448 la

469 3487 593 3576 poesie,
608 3508 685 3554 eveo
694 3487 725 3551 la
737 3485 854 3552 double
865 3499 997 3552 entrave
1008 3487 1048 3552 de
1059 3486 1092 3550 la
1103 3483 1222 3550 fidelite
1233 3483 1251 3547 l
1263 3505 1323 3547 sou
1333 3493 1449 3549 auteur
1458 3533 1470 3566 ,
1488 3499 1526 3553 et

470 3591 511 3656 de
526 3591 557 3656 la
569 3586 724 3656 difficule
735 3590 774 3656 de
786 3591 817 3656 la
828 3613 953 3658 mesura
967 3602 999 3656 et
1013 3591 1052 3656 de
1071 3591 1103 3655 la
1121 3588 1231 3654 rime?
1248 3587 1300 3654 De
1314 3587 1468 3654 combien
1480 3593 1528 3658 de

470 3693 628 3762 manitres
642 3715 683 3758 ne
697 3691 809 3759 faut-il
820 3716 877 3784 pas
890 3717 953 3782 que
963 3693 1084 3784 l'eeprit
1096 3713 1129 3758 ee
1140 3692 1204 3781 plie
1217 3702 1249 3757 et
1260 3689 1421 3780 aereplie,
1432 3715 1530 3781 pour

471 3800 560 3866 eaiair
568 3848 578 3882 ‚
589 3821 719 3864 oomme
729 3820 810 3865 vous
820 3799 1012 3881 l’obeervea,
1030 3799 1149 3888 l'eaprit
1163 3795 1308 3864 versatile
1319 3795 1459 3863 d’ovide
1467 3847 1479 3880 ‚
1493 3811 1532 3864 et

470 3906 577 3973 foroer
600 3907 632 3971 la
651 3906 770 3992 langue
790 3906 910 3972 rebelle
928 3906 969 3972 de
992 3927 1024 3972 se
1044 3906 1151 3994 preter
1164 3903 1183 3968 a
1196 3904 1228 3969 la
1247 3902 1407 3992 soupleaae
1421 3902 1465 3968 de
1494 3905 1532 3970 la

329 4013 332 4020 '
473 4011 605 4078 sienne?
621 4010 669 4077 La
684 4009 863 4102 perfection
877 4025 923 4079 eat
937 4035 985 4078 un
1001 4011 1147 4094 modula,
1162 4009 1280 4099 auquel
1295 4009 1314 4074 l
1328 4020 1418 4073 toute
1428 4005 1532 4077 soree
