3180 5358
458 537 526 610 ιδῃ
572 547 655 604 sss
683 519 1118 603 nri'rnnonruosss
1150 543 1380 623 novior,

385 666 390 679 Ι
453 699 549 774 Solis
565 696 673 794 equi,
688 704 921 792 quartusque
932 690 1118 789 Phlegon,
1134 691 1353 766 hinnitibus
1366 715 1476 766 auras

451 821 700 901 Flammiferis
716 820 896 918 implent,
911 818 1147 917 pedibusque
1160 819 1334 918 repagula
1345 818 1508 917 pulsant.

452 959 547 1048 Quae
563 967 648 1057 post
660 939 776 1052 quim
788 951 950 1048 Tethys,
966 949 1131 1025 fitorum
1145 951 1273 1048 ignara
1286 951 1457 1048 nepotis,

451 1083 623 1186 Repulit,
642 1095 680 1158 et
691 1082 786 1158 facto
800 1092 857 1155 est
869 1081 1044 1156 immensi
1058 1083 1166 1179 eopia
1181 1081 1337 1179 mundi,

451 1217 675 1315 Corripuere
687 1215 809 1310 viam,
824 1211 1058 1310 pedibusque
1070 1239 1139 1310 per
1151 1219 1236 1288 aera
1248 1213 1379 1311 motis,

451 1353 648 1428 Obstantes
663 1347 819 1424 findunt
832 1347 1006 1444 nebulus,
1024 1348 1239 1446 pennisque
1254 1348 1370 1423 levati

449 1480 684 1554 Praetereunt
695 1487 798 1549 ortos
809 1473 930 1550 isdem
943 1473 992 1549 de
1004 1474 1175 1574 patribus
1188 1477 1321 1552 Euros.

449 1610 521 1685 Sed
538 1609 621 1685 leve
633 1605 783 1708 pondus
797 1618 876 1680 erat
888 1637 899 1704 3
915 1631 986 1682 nec
999 1603 1102 1706 qnod
1116 1631 1333 1704 eognoseere
1347 1619 1495 1704 possent

449 1739 544 1814 Solis
562 1741 652 1838 eqni
669 1767 677 1812 :
693 1735 876 1834 solitique
887 1738 1020 1834 jugum
1035 1736 1216 1836 gravime
1229 1737 1387 1811 carebat.

448 1873 576 1970 thue
588 1873 718 1946 labant
733 1893 860 1943 eurvae
876 1870 977 1966 justo
993 1869 1075 1942 sine
1088 1868 1256 1966 pondere
1271 1895 1410 1966 noves,

447 2000 596 2097 Perque
609 2025 731 2094 mare,
746 1997 938 2072 instabiles
951 1997 1073 2073 nimit
1087 1998 1259 2097 levitate,
1273 1999 1471 2096 feruntur3

449 2131 511 2203 Sic
525 2153 639 2202 onere
655 2139 801 2201 assueto
813 2152 954 2202 vacuos
970 2126 1091 2203 datin
1106 2135 1191 2204 aere
1207 2130 1341 2228 saluis,

328 2273 338 2286 '
447 2257 744 2356 succutiturque
755 2257 847 2354 alte,
861 2257 1072 2356 similisque
1084 2272 1288 2334 esterurus
1301 2259 1421 2334 inani.

449 2389 563 2480 Quod
576 2390 692 2465 simul
704 2415 746 2464 so
759 2389 926 2487 sensere,
941 2401 1082 2486 ruunt,
1096 2391 1310 2490 tritumque
1322 2393 1537 2490 relinquunt

450 2523 675 2622 derijugi
688 2523 852 2622 spatium
869 2553 878 2598 :
893 2549 982 2621 nec,
999 2547 1077 2620 quo
1090 2524 1219 2622 prius,
1234 2524 1368 2599 ordine
1381 2537 1543 2599 currunt.
1573 2519 1574 2612 ζ

449 2657 534 2754 lpse
545 2666 678 2754 pavet3
693 2679 764 2729 noc
779 2653 862 2752 qui,
871 2631 1225 2729 eommissas‘flecut
1236 2654 1421 2752 hebenus,

448 2783 527 2860 Nee
542 2785 630 2883 scit,
644 2784 723 2884 quii
734 2785 783 2858 sit
795 2783 888 2880 iter3
902 2807 995 2879 neo,
1013 2784 1047 2856 si
1059 2782 1169 2882 sciat,
1188 2783 1349 2882 imperet
1359 2784 1446 2862 illis.
1573 2873 1574 2880 χ

500 2910 603 2988 Tum
618 2912 789 3010 primum
801 2909 916 2985 radiis
932 2909 1045 3008 gelidi
1061 2911 1208 2986 caluere
1220 2910 1402 3012 Triones,

450 3040 501 3118 Et
516 3042 634 3116 vetito
649 3040 791 3116 hanna
805 3051 1003 3116 tentarunt
1018 3012 1171 3140 equore
1182 3016 1292 3143 ‘ungi

453 3170 627 3269 Quaeque
642 3171 729 3270 polo
745 3171 865 3269 posits
881 3181 936 3244 est
949 3169 1091 3267 glaciali
1107 3173 1282 3271 proxima
1294 3173 1470 3275 Serpens,
1573 3163 1574 3200 ³

453 3301 605 3400 Frigore
619 3302 725 3401 pigra
740 3301 866 3400 prius,
885 3327 956 3375 nec
970 3300 1220 3377 fonnidabilis
1235 3303 1329 3404 ulli,

455 3433 642 3539 Incaluit:
660 3432 897 3530 sumpsitque
909 3459 1026 3506 novas
1038 3423 1253 3509 fervoribus
1265 3434 1363 3510 iras..
1573 3507 1574 3540 ,

455 3567 511 3643 Te
523 3592 677 3666 quoqne
688 3565 885 3640 tiirbatum
897 3576 1111 3642 memorent
1122 3563 1280 3662 fugisse,
1295 3563 1411 3638 Boote
1426 3570 1456 3662 ¹3
1573 3545 1574 3568 ³

458 3699 641 3788 Quamvis
655 3696 785 3772 tardus
800 3725 899 3795 eras,
918 3709 956 3770 et
970 3710 1007 3771 te
1019 3709 1086 3770 tua
1100 3697 1267 3795 plaustra
1277 3699 1464 3772 tenebant.
1573 3763 1574 3768 ,

503 3881 512 3912 ¹
539 3877 751 3937 constellation
763 3897 823 3954 peu
837 3877 968 3954 eloignee
981 3877 1017 3934 de
1031 3879 1060 3934 ln
1072 3877 1185 3955 grande
1199 3880 1315 3947 Onne,
1331 3877 1385 3956 qni
1397 3882 1491 3958 parsit
1573 3883 1574 3886 ’

459 3979 557 4040 suirre
569 3981 597 4038 le
612 3977 752 4050 Charisi,
764 3993 877 4038 contine
890 3995 934 4037 un
947 3976 1073 4036 bouvier
1087 3977 1146 4036 suit
1159 3995 1190 4038 ss
1203 3965 1338 4038 charius.
