3220 5330
423 613 471 692 58
528 633 612 690 cus
643 605 1084 688 nr'ernnonrnosns
1115 630 1346 707 n’ovrnu,

421 782 493 858 Hei
505 783 624 858 mihi!
642 779 745 880 quod
759 783 875 856 nullu
888 807 994 856 amor
1007 794 1061 856 est
1077 779 1310 860 medicabilis,
1326 781 1454 856 herbis
1472 809 1479 853 :

420 917 496 990 Nec
513 928 673 1014 prosunt
687 913 866 1010 domino,
883 939 970 1010 quae
982 923 1145 1010 prosunt
1156 912 1359 1010 omnibus,
1373 923 1483 988 ortes.

467 1046 583 1121 Plura
599 1045 820 1120 locuturum
835 1044 971 1120 timido
987 1044 1126 1118 Peneia
1142 1069 1259 1120 cursu
1429 1043 1432 1050 ⁴

420 1179 528 1278 Fugit
537 1211 547 1275 3
562 1206 728 1277 cumque
741 1179 823 1277 ipso
836 1181 951 1253 verbe
967 1176 1185 1276 imperfecta
1198 1177 1355 1274 reliquit
1374 1185 1398 1252 ¹.

381 1343 384 1350 ⁴
418 1308 520 1384 Tum
533 1336 685 1409 quoque
697 1311 778 1385 viso
790 1311 949 1386 decens:
972 1310 1168 1386 nudabunt
1187 1335 1345 1410 corpora
1364 1309 1491 1404 venti,

419 1441 618 1540 Obviaque
631 1441 803 1519 adversus
816 1443 1017 1518 vibrabant
1032 1445 1188 1520 flumine
1199 1455 1321 1520 vestes
1338 1470 1347 1518 ε

418 1569 466 1642 Et
481 1569 575 1644 levin
588 1571 760 1670 impexos
771 1584 873 1648 retro
885 1572 996 1648 dabat
1015 1599 1108 1648 nure
1123 1572 1293 1672 capilloe3

418 1697 613 1800 ductaque
625 1681 747 1778 foima
758 1701 846 1802 fugi
857 1717 924 1780 est.
941 1703 1014 1778 Sed
1029 1705 1133 1780 enim
1145 1728 1226 1780 uon
1243 1703 1404 1780 sustinet
1417 1699 1517 1776 ultra

417 1825 577 1903 Perdere
589 1831 795 1906 blanditiae·
805 1833 957 1929 juvenis
972 1833 1076 1909 Deus
1093 1861 1101 1908 :
1119 1845 1241 1933 utque
1257 1834 1437 1909 movebat

417 1957 501 2054 Ipse
514 1957 649 2056 Amor,
664 1960 827 2034 admisso
839 1963 1013 2059 sequitur
1024 1961 1179 2062 vestigia
1192 1987 1315 2063 pennu.

419 2087 471 2161 Ut
490 2091 592 2164 oanis
611 2091 654 2164 in
666 2117 788 2167 vacuo
804 2093 970 2192 leporem
983 2121 1072 2170 cum
1085 2095 1251 2172 Gallicus
1258 2117 1356 2170 ervo

418 2221 541 2320 Vidit3
558 2237 595 2298 et
609 2223 674 2299 hic
685 2225 851 2323 predam
864 2226 1024 2324 pedibus
1040 2227 1154 2326 petit,
1170 2227 1234 2300 illo
1250 2225 1422 2320 sulutem.

417 2349 523 2426 Alter
538 2353 733 2430 inhaesuro
751 2356 904 2453 similis,
919 2359 996 2452 jam
1014 2357 1167 2453 jamque
1184 2367 1312 2430 tenere

416 2485 566 2584 Sperat,
581 2499 619 2561 et
631 2498 783 2562 extento
797 2485 946 2585 stringit
958 2485 1111 2584 vestigio
1126 2495 1249 2559 rostro
1263 2513 1273 2579 3

416 2612 523 2688 Alter
538 2613 581 2688 in
598 2617 773 2715 ambiguo
790 2628 863 2714 est,
877 2643 927 2691 an
944 2617 993 2692 sit
1008 2616 1232 2715 deprensus,
1249 2625 1286 2689 et
1300 2614 1391 2712 ipsis

415 2739 605 2816 Morsibus
620 2743 780 2841 eripitur
795 2773 804 2818 ε
826 2745 1090 2844 tangentiaque
1101 2769 1168 2818 ora
1179 2742 1375 2840 relinquit.

417 2872 478 2946 Sic
490 2876 613 2973 Deus,
630 2887 667 2949 et
679 2877 784 2976 virgo
801 2891 882 2953 est:
903 2875 968 2952 hic
985 2903 1051 2976 spe
1066 2876 1181 2975 celer,
1197 2877 1262 2954 illc
1278 2878 1427 2952 timore.

416 3004 494 3092 Qui
506 3017 633 3081 tamen
646 3008 877 3106 insequitur,
895 3009 1031 3106 pennis
1048 3007 1200 3102 adjutus
1217 3007 1386 3102 Amoris,

417 3138 532 3214 Ocior
548 3155 621 3237 est,
640 3142 888 3240 requiemque
902 3152 1011 3241 negat
1027 3171 1035 3216 :
1052 3155 1232 3240 tergoque
1241 3139 1366 3238 firgnci

416 3276 613 3371 Imminet3
629 3289 667 3348 et
678 3275 823 3350 crinem
835 3301 1011 3374 sparsum
1023 3273 1234 3350 cervicibus
1247 3273 1358 3348 efflat.

462 3456 469 3484 ¹
495 3454 536 3511 Le
549 3455 622 3532 style
635 3455 677 3514 du
690 3456 777 3534 poete
790 3475 808 3516 e
823 3467 906 3516 toute
919 3456 1038 3536 l'egilite
1051 3455 1087 3516 de
1103 3457 1132 3514 le
1145 3455 1275 3533 nymphe
1288 3449 1412 3530 fugitive
1427 3461 1457 3510 et

417 3550 460 3607 dn
478 3549 547 3607 dieu
566 3552 619 3628 qni
638 3554 706 3612 vole
724 3573 777 3612 eur
796 3573 828 3612 sa
847 3567 937 3614 truce.
955 3557 997 3612 La
1016 3554 1150 3614 variante
1169 3571 1228 3630 que
1247 3551 1309 3609 l'on
1326 3568 1365 3607 vn
1380 3549 1454 3619 lire,

415 3669 533 3727 prouve
542 3651 569 3708 le
579 3652 643 3710 soin
652 3671 711 3728 que
714 3651 767 3726 j’ai
775 3656 830 3712 nris
839 3655 855 3712 ri
863 3655 971 3713 rendre
980 3668 1054 3714 cette
1065 3655 1190 3724 vincite
1200 3653 1274 3712 dene
1281 3653 1457 3730 unelnngue

417 3747 481 3823 qui,
491 3765 547 3824 par
557 3766 588 3806 sa
597 3749 801 3808 construction
812 3753 970 3831 analogne,
982 3765 1024 3811 est
1037 3752 1278 3810 necessairement
1288 3749 1356 3828 plus
1366 3750 1455 3808 lente.

593 3861 679 3908 rnen
693 3862 751 3924 qu'il
760 3863 826 3925 parle
839 3877 926 3920 error,
936 3865 957 3911 la
969 3865 1071 3928 nymphe
1084 3863 1097 3910 i
1108 3878 1151 3927 pn
1161 3863 1271 3926 prende,

592 3934 704 4007 Eehnppe
715 3943 729 3991 l
739 3960 776 3993 ten
787 3945 895 3994 ducem
907 3947 919 3993 i
931 3946 993 3994 demi
1003 3945 1154 4010 pronuncio.

591 4027 622 4072 Et
632 4026 662 4070 de
674 4041 710 4072 rer
721 4025 826 4074 detulere
839 4037 900 4074 inore
910 4030 924 4074 ἰ
934 4032 1004 4090 peine
1016 4044 1044 4077 nu
1056 4029 1106 4074 loir
1116 4015 1229 4088 lrnppd'e,

592 4107 711 4156 ll'entend
723 4125 771 4175 φ]
781 4108 918 4158 seulement
931 4125 955 4157 u
966 4111 1022 4158 voix
1033 4107 1200 4170 entreconpte.
