3180 5358
307 620 312 626 ¹
436 645 506 719 1'58
550 659 635 713 uss
667 628 1105 712 uirsuonreosns
1134 651 1362 730 nrovrnn,

350 785 354 792 ¹
432 805 704 902 Dindimaque‚
718 800 1502 899 etMycsle,natusqueadsacrsCitheeron.

432 941 508 1014 Nec
520 945 680 1035 prosunt
694 933 857 1032 scythias
871 957 939 1006 sua
951 921 1088 1030 stipere
1105 961 1113 1007 ε
1128 935 1313 1010 Caucasus
1325 933 1457 1030 ardet,

432 1071 603 1165 Ossaque
615 1093 704 1140 cum
721 1064 862 1159 Pindo,
877 1064 1072 1160 majorque
1084 1065 1269 1141 ambobus
1284 1067 1496 1166 Olympus,

432 1201 629 1297 Aeriaeque
642 1197 773 1296 Alpes,
790 1209 827 1270 et
838 1195 992 1272 nubifer
1005 1196 1230 1296 Apenninus
1247 1207 1271 1274 '.

328 1307 330 1312 ,
480 1331 591 1404 Tunc
607 1329 881 1404 verdPhetton
894 1330 1261 1428 cunctisepartibus
1274 1332 1405 1406 orbem

394 1547 398 1558 ¹
432 1462 576 1560 Aspicit
588 1485 784 1534 accensum
797 1493 807 1557 ;
823 1485 893 1535 nec
907 1473 1030 1536 tantos
1044 1463 1204 1540 sustinet
1216 1477 1328 1538 aestus
1343 1494 1353 1538 ε

433 1591 709 1687 Ferventesque
721 1615 849 1686 auras,
867 1591 973 1664 velut
988 1595 1009 1664 e
1024 1590 1181 1666 fornace
1194 1589 1403 1691 profundi,

433 1727 510 1800 Ore
526 1725 664 1821 trahit,
683 1749 896 1821 currusque
913 1751 1000 1798 suos
1016 1725 1238 1798 candescere
1253 1724 1379 1827 sentit.

429 1847 480 1932 Et
494 1883 616 1956 neque
629 1861 705 1956 jam
720 1861 864 1932 cineres
881 1861 1149 1960 eiectatamque
1161 1857 1328 1933 favillam
1378 1925 1385 1934 .

432 1989 544 2066 Ferre
556 2003 677 2089 potest
692 2021 699 2066 ε
716 1989 912 2086 calidoque
924 1991 1139 2063 involvitur
1150 1986 1323 2086 undique
1333 1984 1457 2060 fumo.

434 2121 597 2220 Quoque
613 2135 688 2220 eat,
704 2135 770 2196 aut
786 2123 937 2220 ubisit,
954 2123 1058 2220 picei
1074 2121 1229 2220 caligine
1246 2131 1365 2194 tectus

433 2253 578 2347 Nescit,
595 2263 632 2324 ct
643 2251 800 2326 arbitrio
818 2249 1020 2324 volucriun
1034 2262 1204 2348 raptatur
1218 2271 1423 2346 equorum.

435 2385 623 2482 Sanguine
635 2397 740 2482 tum,
757 2383 938 2481 credunt,
955 2385 997 2458 in
1011 2409 1169 2482 corpora
1181 2407 1330 2458 summa
1342 2395 1495 2478 vocato,

436 2516 661 2612 AEthiopum
675 2516 834 2614 populos
847 2516 1001 2614 nigrum
1013 2516 1171 2591 traxisse
1185 2513 1359 2588 colorem.

436 2643 538 2721 Tum
552 2644 646 2720 facts
663 2659 717 2720 est
730 2646 868 2745 Libye,
885 2647 1000 2746 raptis
1014 2647 1242 2722 humoribus
1258 2655 1351 2720 aestu
1360 2703 1372 2743 ,

437 2775 553 2852 Arida
570 2806 578 2851 ε
593 2787 678 2852 tum
693 2777 881 2877 Nymphae
895 2785 1010 2878 passis
1025 2779 1223 2878 fontesque
1235 2779 1416 2878 lacusque

436 2905 632 2980 Dessevdre
648 2907 778 2981 comis.
799 2907 947 2994 Quaerit
962 2908 1108 2983 Boeotia
1123 2908 1282 3006 Dircen,

438 3040 554 3136 Argos
565 3038 827 3138 Aorymonen,
844 3041 997 3140 Ephyre
1010 3040 1206 3116 Pirenidas
1220 3041 1353 3116 undas.

487 3313 494 3330 .
521 3250 589 3326 VI„
616 3255 808 3328 Arescunt
822 3257 962 3330 Fluvii.
980 3259 1232 3330 Desiccanwr
1247 3255 1393 3328 Maria.

487 3447 577 3520 Nnc
594 3447 723 3520 sortita
738 3449 821 3522 loco
837 3451 1015 3525 distantes
1029 3452 1191 3526 flumina
1207 3455 1307 3548 ripas

440 3579 537 3652 Tuta
550 3592 706 3653 manent
722 3609 730 3654 :
747 3581 882 3658 mediis
896 3583 1033 3658 Tanais
1046 3582 1210 3658 fumavit
1224 3583 1265 3656 in
1279 3578 1414 3677 undis,

440 3709 656 3807 Peneosque
673 3733 809 3806 senex,
825 3713 1182 3810 Teuthranteusque
1196 3715 1346 3808 Caicus,

481 3895 490 3924 ¹
512 3893 553 3946 La
564 3893 688 3950 cadence
699 3912 789 3970 grave
800 3905 829 3950 et
844 3895 1009 3970 impotente
1021 3897 1058 3954 de
1069 3915 1179 3954 covers
1190 3893 1373 3970 spondetque
1387 3889 1482 3970 figure

439 4009 495 4065 par
504 3991 531 4047 le
540 4005 666 4072 rapport
676 3991 727 4052 des
740 4013 809 4052 sons
818 3997 1023 4075 avecI'image,
1033 3999 1061 4054 la
1070 3999 1200 4056 hauteur
1211 3995 1261 4054 des
1273 4005 1372 4052 ments
1381 3993 1484 4068 Apen-

441 4109 517 4148 ntus.
