<?xml version="1.0" encoding="UTF-8"?>
<!DOCTYPE html PUBLIC "-//W3C//DTD XHTML 1.0 Transitional//EN"
    "http://www.w3.org/TR/xhtml1/DTD/xhtml1-transitional.dtd">
<html xmlns="http://www.w3.org/1999/xhtml" xml:lang="en" lang="en">
 <head>
  <title>
</title>
<meta http-equiv="Content-Type" content="text/html;charset=utf-8" />
  <meta name='ocr-system' content='tesseract 3.04.00' />
  <meta name='ocr-capabilities' content='ocr_page ocr_carea ocr_par ocr_line ocrx_word'/>
</head>
<body>
  <div class='ocr_page' id='page_1' title='image "./lesmtamorphoses00saingoog_0446.png"; bbox 0 0 3184 5346; ppageno 0'>
   <div class='ocr_carea' id='block_1_1' title="bbox 446 631 1371 742">
    <p class='ocr_par' dir='ltr' id='par_1_1' title="bbox 446 631 1371 742">
     <span class='ocr_line' id='line_1_1' title="bbox 446 631 1371 742; baseline -0.002 -26"><span class='ocrx_word' id='word_1_1' title='bbox 446 645 516 742; x_wconf 73' lang='lat'><strong>294</strong></span> <span class='ocrx_word' id='word_1_2' title='bbox 563 660 648 716; x_wconf 73' lang='lat' dir='ltr'><strong>aas</strong></span> <span class='ocrx_word' id='word_1_3' title='bbox 677 631 1115 714; x_wconf 72' lang='lat' dir='ltr'><strong>nsrsnonrnoscs</strong></span> <span class='ocrx_word' id='word_1_4' title='bbox 1145 658 1371 734; x_wconf 73' lang='lat' dir='ltr'><strong>iromus,</strong></span> 
     </span>
    </p>
   </div>
   <div class='ocr_carea' id='block_1_2' title="bbox 599 855 1330 952">
    <p class='ocr_par' dir='ltr' id='par_1_2' title="bbox 599 855 1330 952">
     <span class='ocr_line' id='line_1_2' title="bbox 599 855 1330 952; baseline -0.005 -20"><span class='ocrx_word' id='word_1_5' title='bbox 599 855 712 932; x_wconf 79' lang='lat' dir='ltr'><strong>xlv.</strong></span> <span class='ocrx_word' id='word_1_6' title='bbox 741 861 880 930; x_wconf 62' lang='lat' dir='ltr'><strong>Nauae</strong></span> <span class='ocrx_word' id='word_1_7' title='bbox 897 857 938 928; x_wconf 83' lang='lat' dir='ltr'><strong>in</strong></span> <span class='ocrx_word' id='word_1_8' title='bbox 953 855 1164 952; x_wconf 76' lang='lat' dir='ltr'><em>Delphines</em></span> <span class='ocrx_word' id='word_1_9' title='bbox 1181 856 1330 928; x_wconf 81' lang='lat' dir='ltr'><strong>mutati.</strong></span> 
     </span>
    </p>
   </div>
   <div class='ocr_carea' id='block_1_3' title="bbox 442 1065 1492 1552">
    <p class='ocr_par' dir='ltr' id='par_1_3' title="bbox 442 1065 1492 1552">
     <span class='ocr_line' id='line_1_3' title="bbox 490 1065 1492 1166; baseline -0.002 -24"><span class='ocrx_word' id='word_1_10' title='bbox 490 1069 582 1142; x_wconf 75' lang='lat' dir='ltr'><strong>Pan</strong></span> <span class='ocrx_word' id='word_1_11' title='bbox 596 1068 668 1142; x_wconf 88' lang='lat' dir='ltr'><strong>tibi</strong></span> <span class='ocrx_word' id='word_1_12' title='bbox 685 1093 789 1141; x_wconf 90' lang='lat' dir='ltr'><strong>nunc</strong></span> <span class='ocrx_word' id='word_1_13' title='bbox 804 1066 953 1166; x_wconf 80' lang='lat' dir='ltr'><strong>ipsum,</strong></span> <span class='ocrx_word' id='word_1_14' title='bbox 971 1091 1042 1139; x_wconf 89' lang='lat' dir='ltr'><strong>nec</strong></span> <span class='ocrx_word' id='word_1_15' title='bbox 1055 1065 1159 1138; x_wconf 89' lang='lat' dir='ltr'><strong>enim</strong></span> <span class='ocrx_word' id='word_1_16' title='bbox 1173 1065 1398 1164; x_wconf 72' lang='lat' dir='ltr'><strong>praesentior</strong></span> <span class='ocrx_word' id='word_1_17' title='bbox 1410 1066 1492 1140; x_wconf 87' lang='lat' dir='ltr'><strong>illo&#39;</strong></span> 
     </span>
     <span class='ocr_line' id='line_1_4' title="bbox 442 1191 1339 1294; baseline -0.002 -24"><span class='ocrx_word' id='word_1_18' title='bbox 442 1195 508 1270; x_wconf 90' lang='lat' dir='ltr'><strong>Est</strong></span> <span class='ocrx_word' id='word_1_19' title='bbox 524 1197 627 1270; x_wconf 89' lang='lat' dir='ltr'><strong>Deus</strong></span> <span class='ocrx_word' id='word_1_20' title='bbox 640 1193 796 1292; x_wconf 79' lang='lat' dir='ltr'><strong>adjura,</strong></span> <span class='ocrx_word' id='word_1_21' title='bbox 814 1205 892 1268; x_wconf 87' lang='lat' dir='ltr'><strong>tam</strong></span> <span class='ocrx_word' id='word_1_22' title='bbox 909 1219 971 1268; x_wconf 88' lang='lat' dir='ltr'><strong>me</strong></span> <span class='ocrx_word' id='word_1_23' title='bbox 989 1191 1058 1267; x_wconf 89' lang='lat' dir='ltr'><strong>tibi</strong></span> <span class='ocrx_word' id='word_1_24' title='bbox 1075 1219 1166 1267; x_wconf 85' lang='lat' dir='ltr'><strong>vera</strong></span> <span class='ocrx_word' id='word_1_25' title='bbox 1180 1193 1339 1294; x_wconf 81' lang='lat' dir='ltr'><strong>referre,</strong></span> 
     </span>
     <span class='ocr_line' id='line_1_5' title="bbox 443 1321 1375 1424; baseline 0.003 -27"><span class='ocrx_word' id='word_1_26' title='bbox 443 1325 569 1412; x_wconf 75' lang='lat' dir='ltr'><strong>Quim</strong></span> <span class='ocrx_word' id='word_1_27' title='bbox 586 1325 670 1398; x_wconf 84' lang='lat' dir='ltr'><strong>veri</strong></span> <span class='ocrx_word' id='word_1_28' title='bbox 687 1327 828 1420; x_wconf 84' lang='lat' dir='ltr'><strong>majora</strong></span> <span class='ocrx_word' id='word_1_29' title='bbox 844 1321 930 1397; x_wconf 86' lang='lat' dir='ltr'><strong>fide.</strong></span> <span class='ocrx_word' id='word_1_30' title='bbox 951 1323 1060 1396; x_wconf 83' lang='lat' dir='ltr'>Stetit</span> <span class='ocrx_word' id='word_1_31' title='bbox 1072 1349 1223 1420; x_wconf 84' lang='lat' dir='ltr'><strong>aequore</strong></span> <span class='ocrx_word' id='word_1_32' title='bbox 1236 1327 1375 1424; x_wconf 83' lang='lat' dir='ltr'><strong>puppis</strong></span> 
     </span>
     <span class='ocr_line' id='line_1_6' title="bbox 442 1455 1350 1552; baseline 0.002 -22"><span class='ocrx_word' id='word_1_33' title='bbox 442 1456 551 1530; x_wconf 89' lang='lat' dir='ltr'><strong>Haud</strong></span> <span class='ocrx_word' id='word_1_34' title='bbox 569 1456 691 1552; x_wconf 84' lang='lat' dir='ltr'><strong>aliter,</strong></span> <span class='ocrx_word' id='word_1_35' title='bbox 708 1455 869 1552; x_wconf 80' lang='lat' dir='ltr'><strong>quamsi</strong></span> <span class='ocrx_word' id='word_1_36' title='bbox 886 1455 1028 1529; x_wconf 89' lang='lat' dir='ltr'><strong>siccum</strong></span> <span class='ocrx_word' id='word_1_37' title='bbox 1045 1457 1178 1530; x_wconf 84' lang='lat' dir='ltr'><strong>navale</strong></span> <span class='ocrx_word' id='word_1_38' title='bbox 1193 1469 1350 1532; x_wconf 87' lang='lat' dir='ltr'><strong>teneret.</strong></span> 
     </span>
    </p>
   </div>
   <div class='ocr_carea' id='block_1_4' title="bbox 302 1583 1389 1683">
    <p class='ocr_par' dir='ltr' id='par_1_4' title="bbox 302 1583 1389 1683">
     <span class='ocr_line' id='line_1_7' title="bbox 302 1583 1389 1683; baseline -0.001 -23"><span class='ocrx_word' id='word_1_39' title='bbox 302 1621 306 1628; x_wconf 94' lang='lat'>·</span> <span class='ocrx_word' id='word_1_40' title='bbox 440 1585 503 1661; x_wconf 87' lang='lat' dir='ltr'><strong>Illi</strong></span> <span class='ocrx_word' id='word_1_41' title='bbox 517 1584 743 1659; x_wconf 82' lang='lat' dir='ltr'>admirantes</span> <span class='ocrx_word' id='word_1_42' title='bbox 759 1609 954 1657; x_wconf 90' lang='lat' dir='ltr'><strong>remorum</strong></span> <span class='ocrx_word' id='word_1_43' title='bbox 970 1583 1012 1655; x_wconf 94' lang='lat' dir='ltr'><strong>in</strong></span> <span class='ocrx_word' id='word_1_44' title='bbox 1029 1585 1185 1658; x_wconf 89' lang='lat' dir='ltr'><strong>verbere</strong></span> <span class='ocrx_word' id='word_1_45' title='bbox 1201 1597 1389 1683; x_wconf 81' lang='lat' dir='ltr'><strong>perstant3</strong></span> 
     </span>
    </p>
   </div>
   <div class='ocr_carea' id='block_1_5' title="bbox 441 1716 1500 3808">
    <p class='ocr_par' dir='ltr' id='par_1_5' title="bbox 441 1716 1500 3650">
     <span class='ocr_line' id='line_1_8' title="bbox 441 1716 1500 1822; baseline -0.012 -22"><span class='ocrx_word' id='word_1_46' title='bbox 441 1725 609 1822; x_wconf 85' lang='lat' dir='ltr'><strong>Velaque</strong></span> <span class='ocrx_word' id='word_1_47' title='bbox 625 1721 839 1816; x_wconf 84' lang='lat' dir='ltr'><strong>deducunt,</strong></span> <span class='ocrx_word' id='word_1_48' title='bbox 858 1716 1082 1816; x_wconf 73' lang='lat' dir='ltr'><strong>geminique</strong></span> <span class='ocrx_word' id='word_1_49' title='bbox 1095 1743 1166 1815; x_wconf 89' lang='lat' dir='ltr'><strong>ope</strong></span> <span class='ocrx_word' id='word_1_50' title='bbox 1178 1743 1331 1791; x_wconf 90' lang='lat' dir='ltr'><strong>currere</strong></span> <span class='ocrx_word' id='word_1_51' title='bbox 1344 1726 1500 1791; x_wconf 80' lang='lat' dir='ltr'><strong>tentant.</strong></span> 
     </span>
     <span class='ocr_line' id='line_1_9' title="bbox 443 1851 1361 1954; baseline -0.01 -25"><span class='ocrx_word' id='word_1_52' title='bbox 443 1853 664 1954; x_wconf 78' lang='lat' dir='ltr'><strong>Impediunt</strong></span> <span class='ocrx_word' id='word_1_53' title='bbox 677 1851 834 1927; x_wconf 84' lang='lat' dir='ltr'><strong>Hederae</strong></span> <span class='ocrx_word' id='word_1_54' title='bbox 846 1875 987 1944; x_wconf 87' lang='lat' dir='ltr'><strong>remos,</strong></span> <span class='ocrx_word' id='word_1_55' title='bbox 1005 1873 1187 1946; x_wconf 79' lang='lat' dir='ltr'><strong>nexuque</strong></span> <span class='ocrx_word' id='word_1_56' title='bbox 1199 1873 1361 1922; x_wconf 85' lang='lat' dir='ltr'><strong>recurvo</strong></span> 
     </span>
     <span class='ocr_line' id='line_1_10' title="bbox 443 1978 1423 2085; baseline -0.006 -25"><span class='ocrx_word' id='word_1_57' title='bbox 443 1986 627 2085; x_wconf 76' lang='lat' dir='ltr'><strong>serpunt,</strong></span> <span class='ocrx_word' id='word_1_58' title='bbox 645 1995 683 2058; x_wconf 90' lang='lat' dir='ltr'><strong>et</strong></span> <span class='ocrx_word' id='word_1_59' title='bbox 696 1981 858 2082; x_wconf 83' lang='lat' dir='ltr'><strong>gravidis</strong></span> <span class='ocrx_word' id='word_1_60' title='bbox 873 1978 1109 2078; x_wconf 83' lang='lat' dir='ltr'><strong>distringunt</strong></span> <span class='ocrx_word' id='word_1_61' title='bbox 1122 1979 1206 2054; x_wconf 88' lang='lat' dir='ltr'><strong>vela</strong></span> <span class='ocrx_word' id='word_1_62' title='bbox 1219 1981 1423 2078; x_wconf 78' lang='lat' dir='ltr'><strong>corymbis.</strong></span> 
     </span>
     <span class='ocr_line' id='line_1_11' title="bbox 442 2111 1353 2217; baseline -0.009 -23"><span class='ocrx_word' id='word_1_63' title='bbox 442 2121 546 2217; x_wconf 82' lang='lat' dir='ltr'><strong>Ipse,</strong></span> <span class='ocrx_word' id='word_1_64' title='bbox 562 2115 789 2192; x_wconf 84' lang='lat' dir='ltr'><strong>racemiferis</strong></span> <span class='ocrx_word' id='word_1_65' title='bbox 803 2114 966 2187; x_wconf 82' lang='lat' dir='ltr'><strong>frontem</strong></span> <span class='ocrx_word' id='word_1_66' title='bbox 980 2111 1233 2187; x_wconf 89' lang='lat' dir='ltr'><strong>circumdatus</strong></span> <span class='ocrx_word' id='word_1_67' title='bbox 1246 2112 1353 2210; x_wconf 86' lang='lat' dir='ltr'><strong>uvis,</strong></span> 
     </span>
     <span class='ocr_line' id='line_1_12' title="bbox 442 2245 1357 2346; baseline -0.009 -20"><span class='ocrx_word' id='word_1_68' title='bbox 442 2249 656 2346; x_wconf 85' lang='lat' dir='ltr'><strong>Parnpineis</strong></span> <span class='ocrx_word' id='word_1_69' title='bbox 673 2248 782 2346; x_wconf 84' lang='lat' dir='ltr'><strong>agitat</strong></span> <span class='ocrx_word' id='word_1_70' title='bbox 801 2247 959 2320; x_wconf 89' lang='lat' dir='ltr'><strong>velatam</strong></span> <span class='ocrx_word' id='word_1_71' title='bbox 976 2245 1175 2320; x_wconf 83' lang='lat' dir='ltr'><strong>frondibus</strong></span> <span class='ocrx_word' id='word_1_72' title='bbox 1191 2247 1337 2319; x_wconf 83' lang='lat' dir='ltr'><strong>hastam</strong></span> <span class='ocrx_word' id='word_1_73' title='bbox 1346 2275 1357 2341; x_wconf 84' lang='lat'>3</span> 
     </span>
     <span class='ocr_line' id='line_1_13' title="bbox 443 2375 1449 2474; baseline -0.005 -23"><span class='ocrx_word' id='word_1_74' title='bbox 443 2379 568 2466; x_wconf 88' lang='lat' dir='ltr'><strong>Quem</strong></span> <span class='ocrx_word' id='word_1_75' title='bbox 585 2377 683 2450; x_wconf 87' lang='lat' dir='ltr'><strong>circa</strong></span> <span class='ocrx_word' id='word_1_76' title='bbox 699 2375 827 2473; x_wconf 82' lang='lat' dir='ltr'><strong>tigres,</strong></span> <span class='ocrx_word' id='word_1_77' title='bbox 843 2375 1119 2473; x_wconf 85' lang='lat' dir='ltr'><strong>simulacraque</strong></span> <span class='ocrx_word' id='word_1_78' title='bbox 1131 2375 1260 2449; x_wconf 89' lang='lat' dir='ltr'><strong>inania</strong></span> <span class='ocrx_word' id='word_1_79' title='bbox 1273 2375 1449 2474; x_wconf 89' lang='lat' dir='ltr'><strong>lyncum,</strong></span> 
     </span>
     <span class='ocr_line' id='line_1_14' title="bbox 443 2505 1431 2605; baseline -0.002 -23"><span class='ocrx_word' id='word_1_80' title='bbox 443 2509 711 2605; x_wconf 78' lang='lat' dir='ltr'><strong>Pictorumque</strong></span> <span class='ocrx_word' id='word_1_81' title='bbox 723 2508 844 2602; x_wconf 86' lang='lat' dir='ltr'><strong>jacent</strong></span> <span class='ocrx_word' id='word_1_82' title='bbox 857 2505 935 2580; x_wconf 84' lang='lat' dir='ltr'><strong>sera</strong></span> <span class='ocrx_word' id='word_1_83' title='bbox 949 2509 1105 2604; x_wconf 84' lang='lat' dir='ltr'><strong>corpora</strong></span> <span class='ocrx_word' id='word_1_84' title='bbox 1117 2506 1389 2604; x_wconf 82' lang='lat' dir='ltr'><strong>pantherarum</strong></span> <span class='ocrx_word' id='word_1_85' title='bbox 1404 2513 1431 2580; x_wconf 74' lang='lat'><strong>⁹.</strong></span> 
     </span>
     <span class='ocr_line' id='line_1_15' title="bbox 444 2634 1234 2734; baseline -0.003 -22"><span class='ocrx_word' id='word_1_86' title='bbox 444 2637 641 2712; x_wconf 70' lang='lat' dir='ltr'><strong>Exsiluere</strong></span> <span class='ocrx_word' id='word_1_87' title='bbox 658 2634 734 2712; x_wconf 87' lang='lat' dir='ltr'><strong>viri</strong></span> <span class='ocrx_word' id='word_1_88' title='bbox 755 2667 763 2711; x_wconf 94' lang='lat'><strong>:</strong></span> <span class='ocrx_word' id='word_1_89' title='bbox 783 2637 864 2710; x_wconf 87' lang='lat' dir='ltr'><strong>sive</strong></span> <span class='ocrx_word' id='word_1_90' title='bbox 880 2635 955 2711; x_wconf 91' lang='lat' dir='ltr'><strong>hoc</strong></span> <span class='ocrx_word' id='word_1_91' title='bbox 970 2636 1116 2712; x_wconf 86' lang='lat' dir='ltr'><strong>insania</strong></span> <span class='ocrx_word' id='word_1_92' title='bbox 1128 2637 1234 2734; x_wconf 88' lang='lat' dir='ltr'><strong>fecit,</strong></span> 
     </span>
     <span class='ocr_line' id='line_1_16' title="bbox 444 2765 1459 2870; baseline -0.009 -24"><span class='ocrx_word' id='word_1_93' title='bbox 444 2773 533 2847; x_wconf 89' lang='lat' dir='ltr'><strong>Sive</strong></span> <span class='ocrx_word' id='word_1_94' title='bbox 545 2773 661 2848; x_wconf 90' lang='lat' dir='ltr'><strong>timor</strong></span> <span class='ocrx_word' id='word_1_95' title='bbox 678 2801 686 2846; x_wconf 91' lang='lat'>:</span> <span class='ocrx_word' id='word_1_96' title='bbox 706 2772 929 2870; x_wconf 87' lang='lat' dir='ltr'><strong>primusque</strong></span> <span class='ocrx_word' id='word_1_97' title='bbox 943 2769 1080 2844; x_wconf 87' lang='lat' dir='ltr'><strong>Medon</strong></span> <span class='ocrx_word' id='word_1_98' title='bbox 1095 2771 1301 2868; x_wconf 80' lang='lat' dir='ltr'><strong>nigrescere</strong></span> <span class='ocrx_word' id='word_1_99' title='bbox 1313 2765 1459 2865; x_wconf 88' lang='lat' dir='ltr'><strong>pinnis,</strong></span> 
     </span>
     <span class='ocr_line' id='line_1_17' title="bbox 444 2899 1375 3000; baseline -0.008 -23"><span class='ocrx_word' id='word_1_100' title='bbox 444 2904 609 3000; x_wconf 87' lang='lat' dir='ltr'><strong>Corpore</strong></span> <span class='ocrx_word' id='word_1_101' title='bbox 625 2900 818 2998; x_wconf 86' lang='lat' dir='ltr'><strong>depresso,</strong></span> <span class='ocrx_word' id='word_1_102' title='bbox 836 2911 872 2972; x_wconf 89' lang='lat' dir='ltr'><strong>et</strong></span> <span class='ocrx_word' id='word_1_103' title='bbox 887 2899 1004 2998; x_wconf 81' lang='lat' dir='ltr'><strong>spinae</strong></span> <span class='ocrx_word' id='word_1_104' title='bbox 1022 2899 1245 2974; x_wconf 83' lang='lat' dir='ltr'><strong>curvamina</strong></span> <span class='ocrx_word' id='word_1_105' title='bbox 1258 2899 1375 2994; x_wconf 86' lang='lat' dir='ltr'><strong>flecti,</strong></span> 
     </span>
     <span class='ocr_line' id='line_1_18' title="bbox 443 3027 1418 3128; baseline -0.004 -25"><span class='ocrx_word' id='word_1_106' title='bbox 443 3029 593 3127; x_wconf 89' lang='lat' dir='ltr'><strong>Incipit.</strong></span> <span class='ocrx_word' id='word_1_107' title='bbox 613 3029 713 3102; x_wconf 90' lang='lat' dir='ltr'><strong>Huic</strong></span> <span class='ocrx_word' id='word_1_108' title='bbox 726 3029 909 3128; x_wconf 80' lang='lat' dir='ltr'><strong>Lycabas,</strong></span> <span class='ocrx_word' id='word_1_109' title='bbox 928 3027 973 3102; x_wconf 93' lang='lat' dir='ltr'><strong>In</strong></span> <span class='ocrx_word' id='word_1_110' title='bbox 987 3054 1073 3125; x_wconf 82' lang='lat' dir='ltr'><strong>quae</strong></span> <span class='ocrx_word' id='word_1_111' title='bbox 1087 3027 1285 3123; x_wconf 87' lang='lat' dir='ltr'><strong>miracula,</strong></span> <span class='ocrx_word' id='word_1_112' title='bbox 1300 3027 1418 3122; x_wconf 79' lang='lat' dir='ltr'><strong>dixit,</strong></span> 
     </span>
     <span class='ocr_line' id='line_1_19' title="bbox 444 3160 1304 3260; baseline 0.003 -29"><span class='ocrx_word' id='word_1_113' title='bbox 444 3160 609 3234; x_wconf 82' lang='lat' dir='ltr'><strong>Verteris</strong></span> <span class='ocrx_word' id='word_1_114' title='bbox 623 3162 642 3234; x_wconf 68' lang='lat' dir='ltr'><strong>i</strong></span> <span class='ocrx_word' id='word_1_115' title='bbox 655 3173 692 3233; x_wconf 88' lang='lat' dir='ltr'><strong>et</strong></span> <span class='ocrx_word' id='word_1_116' title='bbox 707 3161 772 3235; x_wconf 87' lang='lat' dir='ltr'><strong>lati</strong></span> <span class='ocrx_word' id='word_1_117' title='bbox 787 3161 923 3259; x_wconf 81' lang='lat' dir='ltr'><strong>rictus,</strong></span> <span class='ocrx_word' id='word_1_118' title='bbox 940 3173 978 3236; x_wconf 81' lang='lat' dir='ltr'><strong>et</strong></span> <span class='ocrx_word' id='word_1_119' title='bbox 992 3161 1116 3260; x_wconf 88' lang='lat' dir='ltr'><strong>panda</strong></span> <span class='ocrx_word' id='word_1_120' title='bbox 1132 3162 1304 3258; x_wconf 81' lang='lat' dir='ltr'><strong>loquenti</strong></span> 
     </span>
     <span class='ocr_line' id='line_1_20' title="bbox 443 3291 1407 3393; baseline -0.002 -27"><span class='ocrx_word' id='word_1_121' title='bbox 443 3291 551 3366; x_wconf 88' lang='lat' dir='ltr'><strong>Naris</strong></span> <span class='ocrx_word' id='word_1_122' title='bbox 568 3303 665 3390; x_wconf 87' lang='lat' dir='ltr'><strong>erat,</strong></span> <span class='ocrx_word' id='word_1_123' title='bbox 681 3319 950 3393; x_wconf 82' lang='lat' dir='ltr'><strong>squamamque</strong></span> <span class='ocrx_word' id='word_1_124' title='bbox 963 3293 1059 3368; x_wconf 90' lang='lat' dir='ltr'><strong>cutis</strong></span> <span class='ocrx_word' id='word_1_125' title='bbox 1072 3293 1208 3368; x_wconf 87' lang='lat' dir='ltr'><strong>durata</strong></span> <span class='ocrx_word' id='word_1_126' title='bbox 1224 3293 1407 3368; x_wconf 83' lang='lat' dir='ltr'><strong>trahebat.</strong></span> 
     </span>
     <span class='ocr_line' id='line_1_21' title="bbox 444 3420 1420 3519; baseline -0.003 -22"><span class='ocrx_word' id='word_1_127' title='bbox 444 3420 494 3497; x_wconf 88' lang='lat' dir='ltr'><strong>At</strong></span> <span class='ocrx_word' id='word_1_128' title='bbox 506 3421 638 3519; x_wconf 87' lang='lat' dir='ltr'><strong>Libys,</strong></span> <span class='ocrx_word' id='word_1_129' title='bbox 657 3422 844 3497; x_wconf 87' lang='lat' dir='ltr'><strong>obstantes</strong></span> <span class='ocrx_word' id='word_1_130' title='bbox 857 3423 952 3497; x_wconf 90' lang='lat' dir='ltr'><strong>dum</strong></span> <span class='ocrx_word' id='word_1_131' title='bbox 968 3421 1054 3496; x_wconf 87' lang='lat' dir='ltr'><strong>vult</strong></span> <span class='ocrx_word' id='word_1_132' title='bbox 1069 3424 1265 3497; x_wconf 89' lang='lat' dir='ltr'><strong>obvertere</strong></span> <span class='ocrx_word' id='word_1_133' title='bbox 1279 3447 1420 3516; x_wconf 87' lang='lat' dir='ltr'><strong>remos,</strong></span> 
     </span>
     <span class='ocr_line' id='line_1_22' title="bbox 444 3550 1396 3650; baseline -0.006 -22"><span class='ocrx_word' id='word_1_134' title='bbox 444 3553 491 3628; x_wconf 89' lang='lat' dir='ltr'><strong>ln</strong></span> <span class='ocrx_word' id='word_1_135' title='bbox 504 3550 668 3650; x_wconf 86' lang='lat' dir='ltr'><strong>spatium</strong></span> <span class='ocrx_word' id='word_1_136' title='bbox 685 3551 829 3626; x_wconf 88' lang='lat' dir='ltr'><strong>resilire</strong></span> <span class='ocrx_word' id='word_1_137' title='bbox 846 3577 981 3626; x_wconf 88' lang='lat' dir='ltr'><strong>manus</strong></span> <span class='ocrx_word' id='word_1_138' title='bbox 997 3553 1112 3626; x_wconf 85' lang='lat' dir='ltr'><strong>breve</strong></span> <span class='ocrx_word' id='word_1_139' title='bbox 1126 3551 1243 3648; x_wconf 86' lang='lat' dir='ltr'><strong>vidit;</strong></span> <span class='ocrx_word' id='word_1_140' title='bbox 1262 3563 1299 3624; x_wconf 83' lang='lat' dir='ltr'><strong>et</strong></span> <span class='ocrx_word' id='word_1_141' title='bbox 1314 3550 1396 3624; x_wconf 84' lang='lat' dir='ltr'><strong>illas</strong></span> 
     </span>
    </p>

    <p class='ocr_par' dir='ltr' id='par_1_6' title="bbox 488 3729 1472 3808">
     <span class='ocr_line' id='line_1_23' title="bbox 488 3729 1472 3808; baseline -0.007 -16"><span class='ocrx_word' id='word_1_142' title='bbox 488 3737 498 3766; x_wconf 87' lang='lat'>¹</span> <span class='ocrx_word' id='word_1_143' title='bbox 523 3735 604 3792; x_wconf 76' lang='lat' dir='ltr'><strong>Certe</strong></span> <span class='ocrx_word' id='word_1_144' title='bbox 618 3733 801 3808; x_wconf 82' lang='lat' dir='ltr'><strong>expression,</strong></span> <span class='ocrx_word' id='word_1_145' title='bbox 815 3733 838 3791; x_wconf 89' lang='lat' dir='ltr'><strong>si</strong></span> <span class='ocrx_word' id='word_1_146' title='bbox 845 3732 875 3808; x_wconf 84' lang='lat' dir='ltr'><strong>je</strong></span> <span class='ocrx_word' id='word_1_147' title='bbox 884 3753 921 3791; x_wconf 86' lang='lat' dir='ltr'><strong>ne</strong></span> <span class='ocrx_word' id='word_1_148' title='bbox 931 3752 977 3790; x_wconf 88' lang='lat' dir='ltr'><strong>me</strong></span> <span class='ocrx_word' id='word_1_149' title='bbox 990 3746 1123 3808; x_wconf 84' lang='lat' dir='ltr'><strong>trompc,</strong></span> <span class='ocrx_word' id='word_1_150' title='bbox 1134 3751 1152 3789; x_wconf 83' lang='lat' dir='ltr'><strong>a</strong></span> <span class='ocrx_word' id='word_1_151' title='bbox 1164 3732 1238 3790; x_wconf 82' lang='lat' dir='ltr'><strong>dans</strong></span> <span class='ocrx_word' id='word_1_152' title='bbox 1251 3744 1327 3792; x_wconf 83' lang='lat' dir='ltr'><strong>cette</strong></span> <span class='ocrx_word' id='word_1_153' title='bbox 1339 3729 1472 3788; x_wconf 82' lang='lat' dir='ltr'><strong>occasion</strong></span> 
     </span>
    </p>
   </div>
   <div class='ocr_carea' id='block_1_6' title="bbox 444 3829 1472 4000">
    <p class='ocr_par' dir='ltr' id='par_1_7' title="bbox 444 3829 1472 4000">
     <span class='ocr_line' id='line_1_24' title="bbox 444 3829 1472 3912; baseline -0.006 -22"><span class='ocrx_word' id='word_1_154' title='bbox 444 3833 473 3890; x_wconf 78' lang='lat' dir='ltr'><strong>ln</strong></span> <span class='ocrx_word' id='word_1_155' title='bbox 485 3852 571 3912; x_wconf 71' lang='lat' dir='ltr'><strong>grace</strong></span> <span class='ocrx_word' id='word_1_156' title='bbox 582 3833 654 3890; x_wconf 88' lang='lat' dir='ltr'><strong>d&#39;un</strong></span> <span class='ocrx_word' id='word_1_157' title='bbox 665 3831 775 3890; x_wconf 83' lang='lat' dir='ltr'><strong>double</strong></span> <span class='ocrx_word' id='word_1_158' title='bbox 787 3851 868 3903; x_wconf 83' lang='lat' dir='ltr'><strong>sens,</strong></span> <span class='ocrx_word' id='word_1_159' title='bbox 880 3833 1008 3910; x_wconf 74' lang='lat' dir='ltr'><strong>pisisque</strong></span> <span class='ocrx_word' id='word_1_160' title='bbox 1018 3834 1045 3890; x_wconf 83' lang='lat' dir='ltr'><strong>le</strong></span> <span class='ocrx_word' id='word_1_161' title='bbox 1058 3833 1127 3892; x_wconf 79' lang='lat' dir='ltr'><strong>dieu</strong></span> <span class='ocrx_word' id='word_1_162' title='bbox 1140 3845 1182 3890; x_wconf 84' lang='lat' dir='ltr'><strong>est</strong></span> <span class='ocrx_word' id='word_1_163' title='bbox 1192 3833 1310 3908; x_wconf 75' lang='lat' dir='ltr'><strong>present</strong></span> <span class='ocrx_word' id='word_1_164' title='bbox 1323 3829 1472 3886; x_wconf 74' lang='lat' dir='ltr'><strong>lui-meme</strong></span> 
     </span>
     <span class='ocr_line' id='line_1_25' title="bbox 445 3930 788 4000; baseline -0.003 -9"><span class='ocrx_word' id='word_1_165' title='bbox 445 3951 515 3992; x_wconf 74' lang='lat' dir='ltr'><strong>sous</strong></span> <span class='ocrx_word' id='word_1_166' title='bbox 525 3933 552 3989; x_wconf 82' lang='lat' dir='ltr'><strong>le</strong></span> <span class='ocrx_word' id='word_1_167' title='bbox 562 3951 633 3990; x_wconf 86' lang='lat' dir='ltr'><strong>nom</strong></span> <span class='ocrx_word' id='word_1_168' title='bbox 644 3930 788 4000; x_wconf 68' lang='lat' dir='ltr'><strong>d’Acetes.</strong></span> 
     </span>
    </p>
   </div>
   <div class='ocr_carea' id='block_1_7' title="bbox 444 4027 1474 4209">
    <p class='ocr_par' dir='ltr' id='par_1_8' title="bbox 444 4027 1474 4209">
     <span class='ocr_line' id='line_1_26' title="bbox 486 4027 1474 4112; baseline -0.004 -22"><span class='ocrx_word' id='word_1_169' title='bbox 486 4036 499 4066; x_wconf 81' lang='lat'><strong>¹</strong></span> <span class='ocrx_word' id='word_1_170' title='bbox 521 4031 706 4090; x_wconf 81' lang='lat' dir='ltr'><strong>L’hsrmonie</strong></span> <span class='ocrx_word' id='word_1_171' title='bbox 716 4031 921 4110; x_wconf 74' lang='lat' dir='ltr'><strong>figurativsde</strong></span> <span class='ocrx_word' id='word_1_172' title='bbox 933 4027 1474 4112; x_wconf 71' lang='lat' dir='ltr'><strong>avussposauqussjountrena</strong></span> 
     </span>
     <span class='ocr_line' id='line_1_27' title="bbox 444 4129 861 4209; baseline 0 -21"><span class='ocrx_word' id='word_1_173' title='bbox 444 4131 480 4190; x_wconf 80' lang='lat' dir='ltr'><strong>de</strong></span> <span class='ocrx_word' id='word_1_174' title='bbox 493 4141 568 4190; x_wconf 81' lang='lat' dir='ltr'><strong>cette</strong></span> <span class='ocrx_word' id='word_1_175' title='bbox 581 4129 675 4209; x_wconf 80' lang='lat' dir='ltr'><strong>image</strong></span> <span class='ocrx_word' id='word_1_176' title='bbox 689 4130 861 4208; x_wconf 67' lang='lat' dir='ltr'><strong>utraysme.</strong></span> 
     </span>
    </p>
   </div>
   <div class='ocr_carea' id='block_1_8' title="bbox 0 0 1599 5346">
    <p class='ocr_par' dir='ltr' id='par_1_9' title="bbox 0 0 1599 5346">
     <span class='ocr_line' id='line_1_28' title="bbox 0 0 1599 5346; baseline 0 0"><span class='ocrx_word' id='word_1_177' title='bbox 0 0 1599 5346; x_wconf 95' lang='lat' dir='ltr'><strong> </strong></span> 
     </span>
    </p>
   </div>
  </div>
 </body>
</html>
