3220 5330
433 586 484 660 44
539 599 630 656 nes
660 569 1099 652 uirnnonrrsosns
1128 597 1362 676 novior,

432 753 556 826 Verba
567 747 663 822 datae
680 745 789 820 sortis
806 771 951 840 secum,
967 747 1068 820 inter
1085 773 1199 846 seque
1215 750 1402 824 volutant.

432 884 527 960 Inde
542 877 799 957 Promethides
811 878 968 977 placidis
981 879 1222 976 Epimethida
1234 883 1344 956 dictis

436 1021 598 1114 Muloet3
615 1029 669 1115 et,
684 1015 764 1092 Aut
779 1015 913 1113 failor,
931 1015 1003 1111 ait,
1019 1031 1074 1090 est
1087 1021 1237 1098 solertia
1250 1023 1381 1118 nobis;

438 1159 516 1234 Aut
529 1157 591 1256 pia
604 1167 713 1252 sunt,
728 1141 958 1251 nullumque
971 1156 1076 1232 nefas
1089 1157 1238 1233 oracula
1251 1157 1421 1232 suadent.

368 1363 370 1366 .
439 1289 572 1387 Magna
582 1287 721 1360 Parens
736 1297 837 1358 terra
850 1296 904 1358 est
920 1314 929 1360 ι
946 1285 1088 1383 lapides
1105 1287 1149 1360 in
1161 1314 1317 1388 corpore
1327 1299 1439 1362 terrae

441 1426 535 1501 Ossa
550 1449 635 1498 reor
650 1421 727 1495 dici
744 1451 752 1495 :
769 1422 888 1517 jacere
903 1421 973 1495 hos
988 1434 1072 1518 post
1084 1435 1186 1522 terga
1200 1427 1391 1521 jubemur.

434 1557 619 1655 Coniugis
632 1557 790 1654 augurio
801 1559 1034 1653 quamquam
1046 1555 1197 1633 Titania
1209 1573 1310 1635 mota
1327 1572 1401 1657 est,

445 1691 535 1791 Spes
548 1703 674 1765 tamen
687 1691 730 1765 in
743 1689 862 1764 dubio
875 1701 930 1764 est
943 1719 950 1764 :
966 1689 1057 1764 adeo
1073 1691 1286 1770 coelestibus
1299 1696 1411 1772 ambo

445 1827 635 1902 offfieunt
646 1827 803 1902 monins
820 1855 828 1902 ι
847 1825 911 1900 sea
925 1824 1019 1927 quid
1033 1837 1176 1903 enare
1189 1807 1365 1904 nocent?

446 1962 707 2060 Descendunt,
723 1949 924 2060 velantque
938 1975 1067 2060 caput,
1082 1965 1304 2064 tunicasque
1316 1965 1517 2064 recingunt
1530 1997 1541 2061 3

448 2101 496 2174 Et
513 2100 632 2195 jussos
647 2097 789 2196 lapides
806 2123 873 2171 sua
888 2109 972 2194 post
988 2096 1142 2195 vestigia
1158 2097 1330 2172 mittunt.

451 2219 546 2307 Sana
560 2219 667 2332 (quis
682 2232 757 2306 hoc
773 2229 917 2329 credat,
932 2230 1008 2304 nisi
1021 2229 1070 2303 sit
1082 2257 1151 2328 pro
1165 2231 1482 2330 testevetustusi)

451 2368 595 2444 Ponere
610 2368 791 2445 duritiem
807 2367 972 2466 coepere,
992 2393 1182 2464 suumque
1197 2367 1382 2466 rigorem3

452 2503 671 2603 Mollirique
685 2503 810 2599 mort,
825 2501 1045 2599 mollitaque
1061 2499 1199 2575 duoere
1214 2499 1388 2576 formam.

454 2640 565 2737 Mox,
580 2640 649 2713 ubi
666 2651 888 2736 creverunt,
904 2650 1117 2733 naturaque
1133 2636 1264 2711 mitior
1279 2637 1354 2712 illis

456 2778 637 2878 contigit,
652 2790 698 2850 ut
713 2775 904 2875 quedam,
920 2776 973 2848 sic
990 2801 1071 2850 non
1089 2775 1307 2872 manifesta,
1322 2774 1448 2850 videri

256 2897 260 2908 ¹
338 2895 339 2898 Ἴ
457 2911 484 2986 F
485 2936 592 2985 orma
607 2919 728 3007 potest
742 2907 934 3001 hominis3
953 2905 1017 2979 sed
1035 2906 1094 2978 uti
1113 2905 1160 2980 de
1176 2900 1364 2982 marmore
1381 2883 1506 3008 coeqito

318 3125 322 3134 ,
456 3046 544 3119 Non
556 3055 684 3118 exaota
700 3042 805 3138 satis,
819 3041 1058 3144 rudibusque
1075 3042 1268 3117 simillima
1283 3043 1409 3140 signis.

460 3183 555 3270 Quae
571 3194 698 3256 tamen
711 3206 760 3254 ex
775 3179 851 3254 illis
865 3180 993 3277 aliquo
1010 3179 1270 3277 parshumida
1285 3205 1416 3276 suooo,

460 3317 509 3390 Et
523 3328 670 3390 terrena
688 3313 781 3411 fuit,
795 3339 905 3388 versa
917 3326 973 3388 est
987 3315 1030 3412 in
1047 3318 1213 3414 corporis
1229 3343 1357 3392 usum.

462 3447 575 3537 Quod
592 3448 757 3522 solidum
773 3459 850 3546 est,
865 3449 1041 3546 flectique
1058 3451 1211 3549 nequit,
1226 3462 1399 3526 mutatur
1414 3451 1458 3524 in
1475 3475 1554 3524 ossa
1571 3479 1577 3520 :

463 3581 575 3670 Quod
591 3581 705 3658 modi)
718 3607 817 3654 vena
832 3580 927 3679 fuit,
943 3583 1014 3656 sub
1032 3579 1165 3655 eodem
1182 3582 1338 3655 nomine
1353 3580 1505 3656 mansit.

462 3717 585 3814 Inque
600 3714 712 3790 brevi
727 3714 864 3813 spatio,
881 3715 1115 3812 Superorum
1132 3716 1414 3810 omninum

464 3851 578 3928 Missa
592 3850 670 3924 viri
686 3850 863 3953 manibus
881 3847 1016 3930 faeiem
1030 3849 1179 3938 traxere
1194 3849 1345 3924 virilem
1364 3877 1371 3921 :

463 3983 512 4060 Et
526 3981 574 4058 de
590 3981 755 4058 femineo
771 3991 939 4080 reparato
957 3992 1011 4056 est
1026 3979 1170 4056 semina
1187 3982 1301 4078 jactu.
