3180 5358
458 561 527 638 142
573 574 658 630 uns
688 543 1135 626 ndrsuonrnosns
1165 561 1390 638 norrun,

454 727 602 800 Tollere
618 725 810 793 consuetas
823 711 966 783 sudent
981 709 1180 807 delphines
1193 711 1240 782 in
1256 737 1379 785 auras.

456 863 620 954 Corpora
632 851 841 961 phqeerum
855 853 1007 918 summe
1023 839 1204 937 resupina
1219 839 1416 936 profundo

456 983 676 1059 Exanimem
691 977 813 1072 jacent
829 1000 837 1045 ε
854 969 981 1067 ipsum
995 993 1150 1065 quoque
1163 965 1286 1041 Nerea*
1295 965 1395 1041 fama
1409 979 1488 1065 est,

456 1111 691 1207 Doridaque,
708 1116 745 1177 et
760 1113 884 1196 natas,
903 1097 1040 1196 tepidis
1055 1095 1207 1168 latuisse
1221 1097 1293 1168 sub
1308 1097 1444 1170 antris.

456 1241 532 1316 Ter
545 1240 744 1336 Neptunus
759 1229 866 1328 aquis
884 1253 972 1302 cum
989 1237 1101 1298 torvo
1116 1225 1273 1299 brechis'
1286 1228 1402 1299 vultu
1419 1233 1430 1263 ⁸

459 1375 638 1446 Exserere
651 1389 763 1439 ausus
778 1373 857 1436 erat
874 1389 881 1434 :
896 1371 955 1432 ter
968 1383 1048 1430 non
1061 1353 1152 1430 t'nlit
1164 1356 1260 1430 aeris
1273 1369 1398 1432 aestus.

431 1561 436 1572 .
509 1503 617 1576 Alme
628 1511 755 1572 tamen
770 1491 920 1586 Tellus,
937 1499 981 1564 ut
997 1497 1077 1562 erat
1091 1487 1323 1562 circumdata
1336 1503 1479 1587 ponto,

460 1639 563 1714 Inter
579 1657 693 1730 aquas
709 1623 846 1724 pelagi,
866 1633 1150 1717 contractosque
1167 1617 1340 1718 undique
1355 1621 1498 1712 sonteS,

460 1764 539 1852 Qui
555 1789 593 1836 se
610 1753 857 1834 condiderant
871 1753 915 1825 in
931 1777 1056 1849 opaese
1071 1751 1214 1824 viscere
1228 1752 1381 1848 metris3

460 1893 621 1968 Sustulit
635 1885 840 1962 omniferos
856 1884 952 1958 eollo
969 1895 1081 1956 tenus
1098 1881 1202 1956 aride
1218 1883 1370 1976 vultus3

461 2023 724 2124 opposuitque
739 2035 898 2091 menum
915 2015 1034 2089 fronti
1052 2041 1060 2088 ε
1076 1999 1285 2112 magnoque
1299 2024 1468 2087 tremore

462 2157 603 2236 Omnia
616 2149 837 2228 eoneutiens
850 2121 1007 2244 paulurn
1025 2139 1213 2240 subsedit3
1230 2155 1268 2220 et
1283 2141 1403 2239 infin,

463 2293 590 2380 Quem
607 2289 699 2363 solet
715 2311 811 2379 esse,
827 2273 903 2355 fuit
920 2310 927 2355 :
944 2269 1115 2376 siccique
1131 2277 1185 2352 its
1196 2289 1290 2352 νοω
1302 2277 1429 2350 locuta
1446 2289 1511 2351 est.

636 2448 730 2575 llll.
763 2500 885 2572 Terra
896 2439 1003 2594 qud
1016 2497 1147 2573 Jovem
1162 2495 1340 2592 puerine.

517 2703 561 2774 SI
569 2701 689 2798 placet
701 2697 790 2790 hoc,
803 2691 1021 2788 meruique,
1033 2685 1126 2786 quid
1136 2687 1173 2761 d!
1185 2685 1421 2760 tussulminn
1429 2697 1564 2777 cessant,

468 2837 622 2909 Summe
634 2827 784 2906 Deum?
795 2825 905 2900 liceat
920 2819 1099 2919 periturae
1114 2819 1262 2894 viribus
1276 2809 1389 2916 ignis,

468 2957 558 3072 lgne
575 2969 698 3070 perire
715 2978 801 3060 tu03
818 2960 1037 3056 clademque
1050 2970 1202 3031 auctore
1214 2955 1353 3028 levare.

400 3120 406 3130 '
468 3107 546 3182 vix
562 3099 737 3204 equidem
755 3095 878 3170 fauces
894 3093 977 3166 haec
989 3090 1070 3188 ipsa
1086 3089 1128 3164 in
1143 3091 1259 3164 verba
1275 3085 1433 3164 resolvo.

470 3237 677 3335 (Presserat
693 3255 759 3302 ora
771 3223 922 3324 vapor.)
936 3223 1068 3320 Tostos
1083 3248 1132 3295 en
1146 3219 1427 3322 aspiceerines3

433 3377 444 3386 ”
470 3369 592 3462 inque
604 3361 722 3437 oculis
738 3369 908 3452 tuntum,
923 3367 1072 3428 tantum
1089 3382 1203 3453 super
1215 3383 1281 3429 ora
1293 3353 1439 3430 savillae.
1566 3405 1567 3444 q

471 3498 598 3572 Hosne
614 3493 711 3569 mihi
728 3489 874 3566 fructus
887 3508 900 3585 ,‘
916 3472 1022 3562 hu'nc
1038 3485 1242 3560 fertilitatis
1258 3461 1442 3559 honorem
1566 3487 1567 3508 ¹

473 3626 673 3723 Officiique
689 3611 803 3696 refers
816 3651 827 3716 3
842 3617 945 3718 quod
962 3617 1102 3690 adunci
1119 3615 1280 3689 vulnera
1296 3609 1414 3732 aratri

516 3812 525 3841 ¹
547 3807 624 3863 Belle
643 3805 832 3880 hypotypose
851 3800 905 3878 qui
925 3798 1047 3855 termine
1067 3787 1202 3874 par'une
1220 3795 1332 3874 grande
1354 3795 1446 3872 image
1466 3797 1503 3852 les

474 3899 577 3959 details
586 3901 680 3957 varies
690 3899 762 3956 d’un
773 3899 889 3956 tableau
901 3895 1017 3955 embelli
1025 3897 1076 3954 des
1087 3896 1226 3978 couleurs
1236 3896 1277 3956 les
1285 3895 1354 3972 plus
1361 3891 1503 3952 brillsntes

400 3995 402 4004 ¹
473 4003 511 4062 de
527 3999 749 4080 l’imegination.
