3180 5358
449 579 519 630 120
561 565 645 626 nne
674 541 1114 624 udrruonnuosns
1144 565 1377 646 norton,

446 715 523 790 Nec
535 711 625 791 false
641 713 819 812 Clymene
832 709 984 810 culpam
996 712 1068 784 sub
1079 711 1240 809 imagine
1253 712 1367 806 celot3

445 844 606 942 Pignora
620 843 686 938 da,
700 842 866 940 genitor,
883 865 952 939 per
964 865 1050 940 quae
1063 851 1130 914 tua
1144 863 1234 914 vera
1247 861 1410 938 propago

445 973 603 1070 Credon,
619 985 657 1046 et
668 972 774 1048 hunc
787 971 925 1048 animis
938 997 1106 1077 errorem
1121 971 1278 1048 detrahe
1289 971 1441 1048 nostris.

395 1138 405 1162 ι
493 1104 664 1180 Dixerat.
681 1103 732 1178 At
746 1104 892 1202 genitor
905 1087 1177 1202 circum‘onput
1187 1127 1301 1178 omne
1312 1101 1495 1178 minute
1579 1096 1580 1174 l

445 1235 630 1334 Deposuit
642 1234 1032 1335 radiosqpropiusque
1044 1232 1218 1346 nocedere
1229 1232 1340 1330 jussit
1357 1259 1366 1305 ι

443 1365 713 1465 Amplexuque
725 1364 812 1440 dato
825 1393 836 1461 3
851 1365 928 1440 Nec
942 1375 987 1438 tu
1000 1389 1108 1440 meus
1122 1391 1200 1440 esse
1214 1366 1341 1466 negari
1357 1371 1366 1401 ¹

348 1529 352 1542 ·
444 1497 591 1598 Dignus
606 1525 668 1597 es3
683 1512 722 1573 et
734 1500 915 1598 Clymene
925 1525 1056 1597 veros,
1072 1499 1145 1598 eit,
1161 1497 1281 1574 edidit
1295 1509 1415 1574 orme.

446 1627 610 1728 Quoque
622 1630 751 1704 minus
762 1627 930 1727 dubites,
942 1627 1105 1728 quodvis
1118 1639 1203 1726 pete
1211 1651 1373 1724 munus,
1387 1637 1432 1700 ut
1443 1621 1554 1715 illud,

445 1761 507 1836 Me
523 1763 733 1860 tribuente,
748 1761 844 1838 feras
861 1792 869 1837 :
884 1763 1077 1863 promissis
1090 1762 1193 1838 testis
1206 1761 1334 1838 adesto

446 1891 515 1968 Dis
527 1895 688 1990 jurende
700 1895 827 1994 polus,
843 1895 962 1970 oeulis
978 1897 1166 1995 incognito
1179 1894 1330 1969 nostris.

495 2025 575 2100 vix
585 2026 682 2102 bene
697 2026 856 2102 desierat
871 2057 880 2104 z
895 2055 1030 2104 curnis
1045 2040 1149 2128 rogat
1161 2029 1226 2104 ille
1238 2041 1434 2127 potemos,

447 2153 570 2252 lnque
581 2153 683 2230 diem
696 2155 887 2254 alipedum
898 2161 960 2256 jus
972 2172 1009 2233 et
1020 2158 1262 2272 moderamen
1275 2181 1475 2255 equorum.

448 2399 501 2474 11.
518 2401 636 2474 Suam
643 2400 850 2477 Phaetonta·
862 2405 1151 2502 imprudentiam
1160 2406 1228 2478 Sol
1237 2413 1488 2504 representat.

495 2641 695 2720 Pnumn'r
711 2647 852 2742 jurasse
865 2659 1010 2746 patrem
1027 2677 1036 2722 :
1052 2647 1122 2746 qui
1136 2658 1270 2747 terque
1282 2657 1489 2748 quaterque

448 2773 673 2848 Concutiens
686 2773 832 2848 illustre
845 2787 958 2876 caput
974 2805 982 2849 :
999 2775 1233 2873 Temeraria,
1248 2774 1368 2873 dixit,

445 2905 532 2980 Vox
545 2931 628 2980 mea
641 2905 737 2982 faeta
751 2907 819 2981 tud
833 2919 899 2982 est.
916 2907 1072 2984 Utinam
1086 2909 1270 3006 promisse
1281 2907 1411 2981 liceret

445 3037 530 3110 Non
542 3037 650 3112 dare!
667 2995 869 3133 confiteor'‚·
879 3037 1003 3111 solum
1017 3036 1092 3112 hoc
1104 3027 1197 3134 tibi,
1213 3051 1319 3134 nate,
1334 3061 1519 3136 negarem.

319 3221 323 3230 .
444 3167 668 3246 Dissuadere
681 3168 779 3242 licet.
794 3169 881 3244 Non
897 3182 952 3245 est
964 3183 1030 3245 tue
1044 3184 1126 3246 tuta
1137 3173 1325 3248 voluntas.

424 3343 430 3353 ·
444 3299 577 3400 Magna
589 3299 704 3398 petis,
719 3298 886 3374 Phaeton
897 3332 908 3398 3
924 3315 962 3375 et
975 3329 1060 3401 quae
1073 3330 1143 3378 nec
1154 3305 1304 3382 viribus
1317 3303 1400 3380 istis

443 3426 606 3502 Munera
620 3428 868 3527 conveniant,
883 3457 953 3503 nec
965 3443 1042 3506 tum
1056 3433 1268 3532 puerilibus
1281 3432 1403 3506 annis.

489 3643 499 3673 ¹
524 3641 564 3698 Ce
580 3643 647 3699 vert
660 3613 748 3700 uertit
761 3661 821 3700 une
832 3642 926 3702 redite
937 3643 974 3703 de
987 3643 1125 3704 celui-ei:

631 3735 773 3838 dmgeuies,
783 3771 894 3824 Pirae'ton
900 3809 910 3834 ,
924 3772 994 3824 laod
1004 3773 1137 3843 infier'anda
1144 3775 1250 3842 parenti.

444 3891 468 3950 si
481 3909 513 3949 ee
523 3890 640 3950 dernier
655 3891 756 3950 n’euit
767 3913 826 3952 une
841 3894 1048 3955 inadvertence
1061 3898 1207 3974 ectnppte
1220 3916 1260 3957 au
1272 3899 1380 3974 polite,
1396 3898 1477 3974 puis-

442 3987 515 4072 qu’il
523 3989 596 4049 rend
603 3989 705 4050 inutile
715 3991 743 4050 la
751 3988 1074 4054 demandedePhneton
1082 3995 1146 4056 elle
1156 3999 1282 4076 rtponse
1289 3995 1326 4058 de
1333 4016 1388 4058 son
1394 3995 1476 4075 pire.
