3184 5346
361 485 366 496 ’
450 527 520 602 266
568 543 651 598 css
680 514 1120 598 unisuonuuoscs
1149 539 1373 620 n’ovmu,

493 691 589 788 Ergo
603 690 672 764 ubi
685 687 923 784 Narcissum,
941 714 1011 785 per
1023 684 1135 763 devia
1151 691 1272 766 lustra
1284 705 1503 792 vagantem,

303 797 314 810 ⁸
446 821 570 918 Vidit,
587 833 624 896 et
636 821 795 894 incaluit
810 849 819 894 :
834 821 1008 918 sequitur
1023 823 1179 920 vestigia
1194 822 1344 900 furtim.

446 951 608 1049 Quoque
621 951 737 1050 magis
751 951 941 1048 sequitur,
956 949 1110 1028 flamma
1123 953 1300 1051 propiore
1312 953 1473 1028 calescit.

443 1080 530 1154 Non
543 1063 668 1178 aliter,
683 1081 801 1177 quim
816 1081 906 1154 clun
920 1081 1079 1156 summis
1092 1081 1306 1158 circumlita
1318 1083 1426 1158 tedis

442 1214 645 1290 Admotsm
658 1215 815 1313 rapiunt
827 1213 976 1290 vivacia
991 1213 1139 1290 sulfura
1150 1215 1355 1292 flammam.

444 1344 667 1440 Ol'quoties
683 1343 809 1417 voluit
822 1343 972 1417 blandis
988 1343 1161 1418 accedere
1178 1345 1305 1441 dictis,

442 1472 492 1545 Et
507 1472 638 1546 molles
654 1471 835 1546 adhibere
848 1477 997 1572 preces!
1014 1474 1156 1550 Natura
1167 1487 1370 1572 repugnat,

443 1605 519 1679 Nec
533 1605 626 1678 sinit
642 1605 800 1703 incipiat
818 1635 826 1681 :
843 1605 926 1704 sed,
942 1607 1044 1705 quod
1058 1607 1167 1704 sinit,
1184 1607 1250 1682 illa
1261 1620 1390 1706 parata
1400 1615 1456 1680 est

443 1735 668 1832 Exspectare
684 1761 795 1810 sonos
802 1794 813 1834 ,
828 1735 875 1811 ad
887 1763 987 1834 quos
1001 1763 1070 1812 sun
1081 1739 1199 1812 verba
1214 1738 1392 1814 remittat.

443 1869 554 1942 Rome
569 1896 682 1968 puer,
692 1870 883 1956 comitum
898 1869 1073 1945 seductus
1090 1871 1137 1943 ab
1154 1869 1302 1968 agmine
1316 1867 1409 1965 fido,

443 2001 619 2097 Dixerat,
635 2000 774 2100 Ecquis
787 2001 917 2076 adest?
929 2015 985 2098 et,
1002 2001 1135 2099 Adest,
1150 2003 1393 2100 mspondemt
1405 1998 1511 2074 Echo
1527 2007 1550 2071 ¹.

443 2133 516 2205 Hic
529 2145 680 2230 stupet-2
696 2147 817 2230 utque
828 2135 946 2208 aciem
960 2146 1083 2232 partes
1096 2135 1228 2229 divisit
1241 2135 1285 2208 in
1299 2161 1447 2232 omnes,

443 2257 563 2355 Voce,
579 2259 696 2368 Veni,
712 2260 848 2334 clamat
862 2262 998 2360 magni
1014 2291 1022 2336 ε
1039 2275 1149 2337 vocet
1163 2263 1229 2336 ille
1243 2277 1453 2339 vocantem.

444 2387 611 2486 Respicit
627 2418 635 2463 :
652 2402 710 2487 et,
727 2389 835 2464 nullo
848 2417 982 2466 rursus
996 2398 1192 2491 veniente,
1208 2394 1330 2492 Quid,
1345 2394 1491 2494 inquit,

443 2519 507 2594 Me
519 2518 642 2618 fugis?
655 2534 694 2594 et
708 2521 887 2621 totidem,
902 2540 998 2623 quot
1009 2525 1127 2624 dixit,
1143 2531 1260 2604 verbs
1274 2533 1428 2630 recepit.

443 2651 587 2727 Perstet
602 2681 611 2727 ε
627 2666 663 2727 et
680 2655 833 2730 alternae
850 2655 1028 2756 deceptus
1042 2659 1203 2757 imagine
1215 2662 1339 2759 vocis,

442 2779 529 2854 Huc
542 2788 738 2876 coeamus,
754 2784 808 2858 sit
824 2813 833 2859 t
851 2785 1028 2884 nullique
1043 2789 1225 2864 libentius
1240 2811 1434 2891 umquam

443 2911 683 3011 Responsum
696 2937 808 3009 sono,
825 2915 1007 2991 Cotiamm
1016 2977 1027 3014 ,
1045 2919 1178 2992 retulit
1193 2919 1314 3018 Ech03

444 3042 492 3115 Et
507 3043 634 3118 verbis
648 3043 751 3120 favet
764 3049 845 3142 ipsa
862 3048 940 3122 suis
959 3077 967 3122 ε
985 3073 1202 3147 egressaque
1215 3051 1321 3126 silvis

443 3177 543 3273 Ibat,
562 3191 607 3251 ut
620 3177 795 3275 injiceret
807 3191 953 3276 sperato
969 3178 1124 3254 brachia
1138 3181 1245 3256 collo.

444 3305 511 3378 Ille
524 3305 621 3404 fugit
637 3335 646 3381 :
663 3307 906 3406 fugiensque,
924 3310 1062 3384 Manus
1078 3309 1339 3407 complexibus
1353 3309 1479 3407 aufer,

444 3437 560 3534 Ante,
579 3437 651 3535 cit,
671 3440 854 3537 emoriar,
871 3441 987 3538 quim
1001 3441 1050 3514 sit
1065 3441 1136 3515 tibi
1149 3442 1256 3539 copia
1268 3443 1402 3517 nostri.

444 3565 590 3641 Retulit
602 3569 666 3642 illa
680 3569 800 3669 nihil,
817 3571 892 3644 nisi
901 3631 920 3678 ,¹
931 3572 989 3647 Sit
1001 3573 1073 3648 tibi
1086 3573 1194 3673 copie
1209 3575 1342 3649 nostri.

488 3753 497 3782 ¹
519 3750 663 3819 Lecteun
680 3769 757 3808 vous
774 3753 835 3810 etes
852 3753 970 3810 chsrme
986 3753 1024 3812 de
1040 3765 1115 3812 cette
1131 3755 1290 3832 repetition
1308 3757 1345 3814 de
1362 3758 1480 3814 l'Echo!

447 3847 520 3907 mais
533 3849 557 3908 si
568 3851 596 3907 la'
610 3851 780 3910 traductiou
792 3853 893 3911 n’etsit
905 3873 959 3930 pes
972 3874 1043 3913 sous
1053 3875 1109 3913 vos
1120 3875 1215 3933 nux,
1230 3859 1257 3914 la
1270 3858 1483 3918 ercinia-vous

447 3947 599 4024 possible?
619 3948 730 4028 Virgile
749 3948 854 4010 n'oflre
869 3951 955 4030 point
970 3952 1006 4011 de
1020 3949 1177 4014 difficultts
1192 3953 1229 4012 de
1243 3973 1274 4012 ce
1291 3974 1390 4033 genre.
