3150 5354
475 571 545 668 196
589 583 674 640 nus
703 555 1146 639 nirnuonrnosns
1176 581 1407 664 n’oyrns,

469 736 683 834 Affletuque
697 759 766 810 suo
778 732 959 832 populos,
974 732 1189 832 urbesque,
1203 731 1432 834 domosque,

469 867 610 942 Polluit
627 896 635 941 z
651 879 688 941 et
703 864 857 940 tandem
869 861 1070 939 Tritonida
1083 866 1267 963 conspicit
1278 893 1422 963 arcem,

469 1000 654 1098 Ingeniis,
671 999 904 1097 opibusque,
919 1010 956 1070 et
969 994 1062 1070 fests
1074 1021 1164 1096 paco
1177 979 1365 1072 virentem
1384 1026 1392 1070 :

367 1169 370 1181 ·
468 1134 620 1232 Vixque
633 1145 736 1207 tenet
748 1132 951 1229 lacrymas,
966 1128 1058 1226 quia
1071 1127 1383 1227 nillacrymubile
1396 1127 1516 1202 oemit

518 1265 588 1340 Sed
603 1277 689 1363 post
699 1265 816 1362 qutun
828 1260 1012 1334 thalamos
1025 1257 1187 1334 introvit
1200 1261 1361 1358 Cecrope
1374 1272 1484 1357 natae,

466 1396 575 1468 Jussn
587 1393 676 1468 facit
691 1421 699 1465 ε
714 1402 920 1489 pectusque
936 1414 1055 1462 manu
1068 1387 1261 1485 ferrugine
1272 1387 1390 1462 tincti

467 1521 620 1620 Tangit,
636 1533 674 1596 et
685 1519 848 1594 hamatis
863 1525 872 1556 ¹
889 1515 1096 1615 preconiis
1108 1515 1277 1592 sentibus
1290 1517 1441 1614 implet,

466 1655 704 1754 Inspimtque
717 1679 857 1728 nocens
870 1653 979 1726 virus
996 1679 1004 1727 :
1020 1651 1248 1750 piceumque
1261 1678 1330 1751 per
1341 1675 1422 1725 osss

466 1787 651 1886 Dissipat,
667 1799 704 1860 et
716 1784 842 1861 medio
856 1783 995 1882 spargit
1006 1783 1211 1882 pulmone,
1226 1809 1433 1858 venenum.

465 1919 569 1994 Neve
581 1919 672 1994 mali
688 1920 853 2020 spatium
865 1943 986 1992 causes
1002 1941 1070 2015 per
1084 1915 1198 1991 latius
1211 1929 1357 2016 errent,

466 2051 692 2126 Germanum
705 2063 793 2125 ente
805 2051 955 2146 oculos,
971 2047 1285 2148 fortunatumque
1298 2048 1438 2124 sororis

466 2185 713 2284 Conjugium,
728 2181 965 2282 pulchrique
977 2183 1105 2256 Deum
1118 2183 1190 2256 sub
1204 2179 1365 2280 imagine
1378 2177 1498 2279 ponit,

465 2287 684 2410 Cunotaque
697 2339 831 2412 magua
844 2311 944 2389 iacit.
961 2313 1111 2400 Quibus
1125 2312 1271 2388 irritata
1279 2371 1291 2412 ,
1306 2312 1438 2388 dolore

464 2443 638 2543 Cecropis
654 2445 801 2520 occuito
817 2445 1014 2522 mordetur
1032 2476 1040 2522 :
1056 2459 1094 2521 et
1109 2446 1223 2522 anxis
1238 2457 1368 2545 nocte,

463 2577 590 2652 Anxie
600 2577 687 2652 luce
700 2581 834 2678 gemit3
850 2580 1027 2680 lentiaque
1039 2581 1253 2656 miserrima
1265 2583 1351 2656 tabe

462 2708 663 2807 Liquitur,
677 2721 724 2782 ut
738 2710 870 2810 glacies
883 2711 1027 2787 incerto
1041 2715 1166 2789 saucia
1178 2714 1267 2790 sole.

457 2837 670 2937 ⁴Felicisque
683 2841 794 2914 bonis
808 2867 888 2915 non
901 2843 1022 2918 secius
1035 2845 1164 2919 uritur
1176 2845 1330 2941 Herses,

362 3033 366 3040 ,
464 2968 590 3056 Qutm
610 2971 699 3043 cirm
716 2971 878 3068 spinosis
891 2972 988 3070 ignis
1001 2975 1233 3073 supponitur
1243 2974 1395 3074 herbis,

464 3097 560 3186 Quae
573 3125 698 3198 neque
710 3097 804 3172 dent
814 3099 1005 3200 flammas,
1019 3101 1175 3198 lenique
1189 3114 1317 3201 tepore
1331 3115 1538 3176 cremantur.

514 3233 619 3330 Saepe
631 3232 731 3308 mori
742 3232 887 3331 voluit,
902 3232 1177 3333 nequidquam
1188 3233 1262 3308 tole
1273 3232 1441 3332 videret3

246 3397 253 3424 ·
360 3465 364 3474 Ι
465 3365 570 3462 Saepe
582 3363 689 3438 velut
702 3364 847 3440 crimen
859 3365 981 3466 rigido
995 3394 1149 3442 narrare
1161 3367 1321 3467 parenti.

465 3493 639 3590 Denique
654 3495 697 3568 111
710 3495 867 3572 adverso
880 3499 1099 3574 venientem
1111 3499 1247 3576 limine
1258 3501 1355 3576 sedit

464 3621 675 3704 Exclusurs
685 3629 812 3704 Deum
829 3631 917 3706 :cui
932 3629 1192 3708 blandimento
1200 3691 1211 3732 ,
1227 3657 1450 3733 precesque,

509 3829 518 3858 ¹
540 3826 646 3897 Qnelle
661 3827 778 3905 euergie
790 3826 864 3886 drus
876 3828 905 3886 11
917 3829 1026 3907 langue
1039 3830 1129 3889 latine
1141 3833 1148 3888 1
1164 3831 1218 3890 elle
1232 3830 1362 3907 exprime
1375 3849 1431 3906 par
1444 3843 1499 3885 11111

464 3921 604 3996 tpithete,
617 3923 756 3992 hnmani,
767 3943 800 3982 ee
811 3925 865 4001 qni
874 3925 949 3984 dans
961 3929 988 3984 la
999 3929 1085 3988 ubtre
1097 3929 1240 3988 demde
1252 3950 1311 3990 une
1320 3929 1498 4004 periphrese·

466 4041 480 4071 ι
496 4020 555 4078 Des
566 4018 665 4096 epines
679 4020 781 4102 siguis
794 4031 824 4080 et
836 4022 978 4082 crochues
991 4040 1105 4084 comme
1119 4027 1170 4086 des
1182 4027 1339 4103 bamegons
1352 4047 1376 4080 1.
