3150 5354
445 542 514 635 178
561 555 645 610 nes
672 525 1108 608 nitranonrnosus
1137 547 1364 627 n’ovrnn,

443 705 535 782 Odit
550 709 559 741 ¹
573 730 702 802 avem,
715 727 783 802 per
797 724 912 798 quam
929 697 1074 772 crimen
1087 723 1311 796 causamque
1324 699 1483 774 dolendi

445 837 547 911 Scire
562 847 709 910 coaetus
725 844 804 908 erat
820 861 828 906 :
842 855 1083 928 nervumque
1094 848 1301 927 arcumque
1314 853 1543 927 manumque

444 969 558 1065 0dit;
574 994 738 1065 eumque
754 990 891 1060 manu,
906 961 1104 1036 temeraria
1119 961 1209 1056 tela,
1225 961 1385 1059 sagittas.

446 1101 727 1200 collapsumque
742 1095 864 1192 fovet,
879 1091 1035 1190 serdque
1049 1117 1120 1188 ope
1137 1091 1290 1164 vincere
1304 1089 1380 1166 fata

445 1229 608 1326 nititur,
623 1241 660 1302 n
673 1227 833 1302 medicas
847 1234 997 1298 exercet
1011 1220 1176 1296 inaniter
1187 1233 1296 1310 artes,

495 1361 687 1465 Quaepnst
699 1357 813 1456 quim
826 1354 966 1430 flustra
977 1365 1137 1447 tentata3
1152 1377 1360 1448 rogumque
1373 1349 1500 1448 parari

447 1491 592 1589 Sensit,
609 1504 646 1570 et
660 1515 810 1566 arsuros
826 1484 1012 1584 supremis
1024 1484 1174 1584 ignibus
1188 1496 1311 1581 artus,

446 1621 548 1696 Tum
564 1624 659 1700 verd
673 1619 833 1720 gemitus
850 1616 1117 1716 (nequeenim
1134 1615 1299 1692 coelestia
1310 1615 1406 1713 tingi

450 1751 528 1825 Ora
542 1747 649 1834 decet
664 1745 864 1846 lucrymis)
878 1746 953 1822 alto
965 1746 1015 1820 de
1030 1745 1142 1820 corde
1157 1744 1292 1843 petitos

445 1878 589 1954 Edidit.
608 1877 719 1960 Haud
736 1877 862 1976 aliter,
877 1877 995 1975 quina
1011 1879 1121 1972 cum,
1136 1889 1324 1975 spectante
1335 1877 1513 1974 juvenci,

419 2005 421 2012 ⁴
450 2011 637 2126 Lactentis
650 2011 782 2108 vituli,
799 2010 934 2130 degtrd
948 2009 1108 2084 libratus
1123 2009 1170 2084 ab
1186 2035 1297 2106 aure,

450 2139 638 2238 Tempora
652 2140 827 2218 discussit
841 2140 941 2216 claro
956 2165 1048 2216 cava
1063 2139 1221 2216 malleus
1236 2139 1329 2212 ictu.

500 2270 553 2344 Ut
565 2283 691 2344 tamen
707 2269 872 2366 ingratos
887 2269 931 2344 in
946 2279 1097 2366 pectem
1110 2265 1212 2342 fudit
1227 2265 1380 2363 odores,

452 2399 500 2473 Et
515 2397 620 2473 dedit
634 2397 852 2495 amplexus,
867 2399 1084 2496 injustaque
1097 2400 1195 2495 justa
1208 2405 1222 2436 ⁸
1234 2399 1396 2497 peregit3

454 2533 540 2608 Non
555 2533 646 2610 tulit
660 2532 704 2608 in
716 2533 859 2633 eineres
871 2533 948 2606 labi
961 2557 1030 2614 sua
1040 2509 1208 2607 Phoebus
1221 2534 1370 2608 eosdem

417 2765 419 2768 Ι
453 2663 607 2738 Semina
622 2693 630 2739 :
645 2665 710 2739 sed
726 2676 860 2738 natum
873 2663 1036 2738 flammis
1051 2675 1236 2762 uteroque
1254 2665 1420 2764 parentis

454 2793 626 2890 Eripuit,
639 2790 855 2890 geminique
871 2789 961 2863 tulit
973 2788 1151 2864 Chironis
1167 2791 1211 2864 in
1226 2803 1394 2866 antrum.

454 2923 752 3022 sperantemque
768 2921 841 2996 sibi
857 2947 936 2996 non
954 2919 1053 2994 falsae
1070 2920 1225 3017 praemin
1240 2919 1399 3020 linguae,

456 3055 561 3133 lnter
577 3077 665 3128 aves
680 3052 779 3129 albas
791 3050 915 3128 vetuit
930 3050 1124 3126 considere
1139 3075 1311 3126 corvum.

500 3271 511 3301 ⁸
535 3265 613 3323 Odit.
625 3267 667 3324 La
679 3263 837 3340 repetition
846 3264 883 3322 de
894 3281 926 3321 ee
935 3263 1024 3322 verbe
1036 3281 1053 3320 r
1063 3263 1091 3320 le
1100 3262 1210 3322 double
1218 3262 1322 3322 merite
1330 3261 1367 3320 de
1376 3261 1491 3321 donner

431 3413 436 3428 .
458 3365 526 3444 plus
538 3364 574 3422 de
584 3369 774 3422 mouvernant
785 3382 825 3421 au
838 3365 930 3439 style,
941 3373 971 3421 et
980 3361 1157 3437 d'exprimer
1168 3381 1240 3420 avec
1249 3363 1316 3438 plus
1326 3363 1364 3420 de
1376 3362 1457 3421 force
1466 3363 1492 3418 le

458 3451 590 3540 repenti}
604 3463 785 3540 &Apuliam
800 3463 855 3542 qui
868 3483 908 3522 ne
922 3482 953 3522 ee
966 3463 1119 3540 pardem
1134 3479 1188 3538 prs
1199 3463 1228 3520 le
1240 3473 1372 3522 meurtre
1386 3461 1424 3520 da
1439 3481 1491 3521 saa

460 3576 588 3626 amante.
989 3589 992 3595 ⁴
1564 3567 1565 3570 ’

503 3667 517 3698 ⁸
539 3665 633 3720 Iusta.
652 3661 705 3718 Cet
724 3660 844 3735 adjectis
859 3662 967 3737 pl‘uriel
983 3673 1108 3732 neutra,
1126 3663 1190 3738 pris
1210 3662 1494 3728 substantivement‚

461 3761 572 3839 rignifie
584 3762 626 3820 les
637 3761 768 3820 dernierr
785 3762 1030 3820 devoirs·rendus
1048 3781 1107 3820 aur
1124 3775 1227 3821 morta.
1245 3763 1357 3835 [agusta
1369 3759 1494 3818 donnei

440 3921 444 3944 Ι,
460 3863 655 3939 comprendre
671 3881 732 3940 qu·
744 3865 840 3922 c'dtait
853 3865 881 3921 le
892 3864 1051 3925 meurtrier
1064 3863 1104 3924 de
1114 3864 1241 3926 Coronis
1254 3865 1308 3942 qni
1322 3863 1367 3922 lui
1383 3861 1492 3920 rendait

460 3979 493 4020 ce
507 3961 608 4020 tendre
622 3973 650 4019 et
663 3961 792 4042 lugubre
806 3963 903 4022 ottae.
