3150 5354
439 614 506 687 182
551 593 635 684 c'ns
665 601 1101 681 nissnonpnoscs
1132 625 1355 702 novics,

433 771 563 871 Teque
576 799 626 846 ex
640 783 780 868 aeterno
796 771 998 867 patientem
1015 772 1178 844 numina
1194 775 1325 847 mortis
1344 785 1350 812 ¹

432 900 625 996 Efficient;
643 896 886 995 uiplicesque
896 899 985 972 Deae
1002 909 1068 970 tua
1078 898 1142 972 fila
1156 902 1358 978 resolvent.

434 1029 606 1104 Restabat
621 1029 705 1104 fatis
721 1029 864 1127 aliquid
883 1031 1069 1127 :suspirat
1084 1031 1131 1104 ab
1148 1032 1235 1107 imis

434 1159 671 1254 Pectoribus,
686 1157 935 1254 lacrymaeque
951 1157 1055 1255 genis
1071 1157 1253 1234 labuntur
1266 1163 1408 1235 obortae
1417 1193 1430 1256 3

435 1289 559 1387 Atque
570 1288 640 1386 itu,
654 1287 912 1381 Praeveitunt‚
928 1285 1075 1383 inquit,
1091 1313 1152 1360 me
1165 1287 1257 1384 satu3
1275 1301 1460 1387 vetorque

301 1511 304 1518 ¹
434 1414 549 1490 Plum
564 1414 670 1512 loqui
684 1445 695 1510 3
710 1413 888 1510 vocisque
904 1437 997 1486 meae
1013 1414 1262 1510 praecluditur
1277 1444 1385 1492 usus.

435 1543 522 1622 Non
535 1539 686 1617 fiierent
697 1553 793 1615 artoe
809 1537 924 1635 tanti,
940 1563 1026 1637 quae
1042 1539 1215 1612 numinis
1228 1542 1323 1615 iram

436 1674 665 1748 contraxere
680 1671 778 1747 mihi
795 1699 804 1744 ε
819 1670 970 1744 mallem
983 1670 1141 1744 nescisse
1153 1669 1295 1745 future.

436 1805 520 1878 Jum
536 1803 635 1900 mihi
647 1801 809 1879 subduci
824 1801 934 1878 facies
946 1801 1114 1876 humana
1126 1803 1279 1878 videtur
1290 1835 1301 1902 3

437 1935 521 2008 Jem
535 1934 641 2010 cibus
653 1933 902 2036 herbauplacet
919 1959 927 2006 ε
942 1933 1018 2026 jem
1030 1932 1114 2006 latis
1126 1957 1278 2007 currere
1290 1935 1433 2032 campis

314 2099 317 2106 ·
393 2041 397 2050 ¹
438 2061 605 2161 Impetus
618 2075 672 2137 est
688 2091 696 2136 :
712 2063 754 2134 in
768 2087 923 2160 equam,
938 2073 1164 2160 cognataque
1177 2089 1351 2161 coqiora,
1368 2077 1502 2140 vertor.

439 2189 534 2266 Tota
545 2205 669 2266 tamen
683 2192 824 2290 quare?
835 2203 939 2288 peter
952 2203 1006 2264 est
1018 2192 1116 2265 mihi
1128 2219 1265 2292 nempe
1276 2193 1459 2271 biformis.

381 2417 384 2422 Ι
436 2321 544 2396 Talin
558 2322 699 2396 dicenti
715 2347 800 2420 pars
813 2335 868 2396 est
880 2334 1048 2398 extreme
1059 2323 1222 2420 querelae

438 2452 628 2527 Intellecta
641 2479 795 2552 perum,
811 2451 1040 2549 confuseque
1052 2454 1168 2526 verbs
1182 2451 1301 2526 fisene.

438 2583 532 2658 Mox
544 2609 614 2659 nec
626 2586 742 2658 verbe
758 2583 928 2681 quidem,
945 2606 1014 2656 nec
1027 2609 1133 2680 eques
1145 2609 1259 2656 sonus
1273 2582 1337 2656 ille
1350 2571 1496 2656 videtur
1503 2613 1514 2676 3

437 2719 510 2792 Sed
525 2717 736 2794 simulantis
750 2744 886 2816 equum
903 2745 911 2790 :
925 2743 1119 2815 parvoque
1132 2718 1174 2790 in
1187 2731 1356 2815 tempore
1367 2731 1485 2794 certos

439 2850 567 2924 Edidit
578 2849 773 2946 hinnitus,
788 2860 825 2922 et
837 2847 989 2921 brechia
1001 2847 1123 2922 movit
1137 2846 1181 2920 in
1192 2846 1339 2922 herbae.

439 2979 541 3054 Tum
556 2978 664 3076 digiti
680 2983 836 3074 coeunt,
852 2989 893 3074 et
904 2976 1042 3073 quinos
1054 2975 1177 3074 alliget
1188 3002 1333 3074 ungues

438 3109 624 3204 Perpetuo
637 3133 758 3180 cornu
770 3106 865 3180 levis
877 3107 1018 3203 ungula
1035 3134 1042 3180 :
1059 3107 1192 3182 crescit
1204 3120 1240 3182 et
1253 3109 1351 3205 oris,

438 3239 487 3312 Et
501 3237 587 3312 colli
604 3239 767 3336 spatium
784 3267 791 3310 :
806 3238 925 3336 longe
940 3263 1026 3337 pers
1042 3239 1176 3316 ultima
1190 3239 1298 3338 pulle

438 3371 566 3444 Gauda
577 3370 620 3446 fit
636 3400 644 3446 :
660 3382 779 3469 utque
795 3371 879 3469 vagi
895 3373 1017 3446 crines
1033 3398 1102 3470 per
1117 3371 1212 3447 colla
1222 3373 1411 3468 jaeebunt,

436 3500 482 3576 ln
499 3498 648 3574 dextras
660 3499 784 3573 abiere
799 3502 906 3593 jubas
923 3529 930 3575 :
946 3503 1160 3600 paritenlue
1171 3515 1309 3576 novata
1321 3515 1376 3576 est

391 3705 396 3713 ,
438 3629 485 3702 Et
496 3629 626 3703 vox'et
637 3627 747 3738 facies
765 3658 773 3702 :
789 3655 928 3706 nomen
940 3655 1093 3728 quoque
1105 3645 1272 3706 monstra
1284 3633 1430 3715 dedere.

482 3793 558 3850 ¹-Le
577 3791 741 3861 Centaure,
757 3812 794 3850 en
812 3795 944 3882 nscntcnt
960 3791 1002 3852 ies
1019 3793 1124 3852 fleches
1140 3796 1314 3865 d'Hercule‚
1330 3813 1369 3854 en
1384 3795 1464 3854 laissa

440 3887 556 3950 tomben
566 3905 625 3945 une
636 3904 688 3945 sur
699 3907 752 3945 son
763 3887 820 3964 pie.
833 3890 873 3952 Le
882 3888 989 3963 poison
998 3887 1034 3948 de
1045 3889 1166 3966 l’Hydre
1177 3891 1221 3949 lui
1231 3909 1319 3948 causa
1330 3889 1381 3948 des
1391 3889 1465 3946 dou·

330 3985 333 3994 '
378 4059 380 4068 γ
440 3981 519 4041 leurs
533 3982 557 4040 si
568 3983 707 4052 sectiles,
720 4002 778 4059 que
789 3985 830 4040 les
842 3984 956 4053 Diem,
969 4003 1024 4062 par
1035 3987 1124 4063 pitis,
1139 3988 1165 4045 le
1180 3987 1419 4047 tmnsiormirent
1431 4005 1465 4042 en

440 4081 652 4142 constellation.
668 4083 745 4141 C'est'
756 4085 783 4142 le
796 4083 961 4160 Sagittsire.
