3180 5358
451 632 521 711 154
563 645 648 704 Lus
677 618 1123 700 urirsrrouruosss
1153 639 1380 716 n’ovms,

496 797 549 870 Ut
561 797 652 870 verb
670 791 820 869 summo
836 789 1011 890 despexit
1025 790 1072 862 ab
1089 787 1228 862 aethere
1244 799 1363 864 terras

447 926 588 1005 Infelix
601 925 790 1021 Phs'eton‚
806 921 958 1022 penitus
974 920 1203 1020 penitusque
1218 921 1401 1017 jacentem

446 1057 605 1154 Palluit,
624 1068 661 1130 et
677 1054 804 1130 subito
818 1078 939 1150 genus
953 1051 1187 1126 intremuere
1203 1051 1342 1126 timore
1361 1077 1370 1125 ε

447 1183 622 1282 Suntque
635 1181 752 1256 ocutis
764 1182 930 1254 tenebrae
941 1205 1010 1278 per
1021 1191 1173 1254 tantum
1185 1176 1319 1254 lumen
1331 1179 1490 1256 obortus.

447 1313 495 1386 Et
511 1314 586 1410 jam
601 1312 729 1387 mallet
744 1335 860 1408 equos
876 1335 1076 1408 nunquam
1093 1307 1255 1406 tetigisse
1271 1320 1469 1406 paternos3

448 1445 609 1541 Jamque
625 1467 777 1540 agnosse
792 1461 908 1539 genus
921 1440 1040 1538 piget,
1059 1451 1097 1512 et
1112 1438 1277 1514 valuisse
1292 1437 1458 1538 rugando
1475 1469 1486 1514 ε

448 1578 532 1653 Jam
548 1575 713 1673 Meropis
729 1572 805 1647 dici
821 1573 998 1671 cupiens,
1017 1573 1071 1647 ita
1087 1572 1229 1669 fertur,
1244 1585 1290 1645 ut
1304 1583 1385 1646 acta

448 1702 638 1800 Praecipiti
654 1701 769 1799 pinus
782 1699 916 1798 Burei,
933 1699 997 1774 cui
1014 1699 1115 1773 victe
1131 1697 1279 1772 remisit

449 1832 580 1908 Fraena
593 1859 686 1908 suus
698 1843 822 1908 rector
836 1839 860 1930 ¹,
876 1857 991 1930 quam
1008 1829 1077 1906 Dis
1091 1829 1266 1927 votisque
1281 1825 1451 1924 reliquit.

449 1965 554 2052 Quid
568 1965 703 2040 saciet?
715 1965 881 2038 multum
898 1963 985 2038 coeli
1000 1975 1085 2062 post
1101 1975 1202 2060 terge
1217 1959 1416 2056 relictum3

380 2093 383 2102 ’
450 2071 550 2168 Ante
568 2095 695 2169 oculos
711 2069 799 2192 plus
814 2108 880 2168 cst.
901 2093 1041 2168 Animo
1057 2093 1214 2168 metitur
1231 2104 1468 2188 utrumque:

452 2225 500 2296 Et
515 2225 648 2322 modii,
664 2251 759 2320 quos
777 2223 834 2298 illi
850 2223 926 2298 feto
939 2225 1156 2322 contingere
1171 2246 1252 2298 non
1268 2236 1343 2320 est,

451 2354 636 2452 Prospicit
649 2357 812 2430 Occasus
828 2382 835 2426 :
851 2353 1047 2428 interdum
1063 2353 1216 2452 respicit
1232 2358 1362 2431 Ortus.

452 2485 633 2583 Quidque
648 2498 728 2584 eget
744 2486 913 2584 ignarus,
929 2498 1055 2584 stupet
1072 2515 1079 2560 :
1095 2501 1132 2560 et
1145 2513 1216 2561 nec
1228 2485 1347 2560 sraena
1359 2487 1533 2580 remittit,
1580 2523 1581 2528 =

452 2619 529 2694 Nec
542 2619 705 2696 retinere
718 2620 819 2694 valet
836 2648 843 2694 :
860 2645 929 2694 nec
943 2619 1100 2692 nomina
1117 2621 1228 2692 novit
1242 2643 1442 2716 equorum.

502 2753 634 2850 Sparsa
650 2777 802 2850 quoque
819 2749 862 2824 in
876 2751 984 2825 vario
997 2752 1135 2848 passim
1153 2751 1336 2826 miracula
1352 2749 1459 2824 coelo.

452 2883 729 2981 vastarumque
741 2881 847 2958 videt
858 2881 1030 2982 trepidus
1044 2881 1242 2957 simulacra
1258 2881 1437 2958 ferarum.

452 3017 518 3090 Est
529 3017 652 3112 locus,
668 3015 711 3090 in
724 3015 890 3112 geminos
904 3015 973 3091 ubi
988 3013 1142 3088 brachia
1155 3025 1335 3088 concuret
1347 3039 1457 3088 arcus

452 3146 646 3244 Scorpios5
663 3158 718 3242 et,
735 3118 1053 3244 caudi'ilexisque
1068 3146 1263 3244 utrimque
1276 3147 1444 3243 lacertis,

454 3283 616 3382 Porrigit
632 3283 675 3356 in
692 3282 856 3380 spatium
873 3281 1067 3380 signorum
1084 3283 1254 3358 membra
1270 3265 1449 3358 dirorum.

453 3410 567 3484 Hunc
582 3437 678 3508 puer
695 3423 758 3506 ut,
774 3411 874 3510 nigri
890 3413 1086 3490 madidum
1103 3413 1241 3490 sudore
1253 3415 1415 3510 veneni,

451 3537 620 3610 Vulnera
633 3538 786 3612 curvati
804 3539 1044 3614 minitantem
1064 3541 1238 3640 cuspide,
1254 3541 1376 3638 vidit3

452 3669 592 3745 Mentis
607 3669 739 3769 inops,
754 3669 873 3768 gelide
886 3671 1090 3748 formidine
1104 3674 1183 3748 lora
1200 3675 1359 3750 remisit.

453 3807 548 3890 Ques
560 3815 645 3899 post
659 3804 774 3901 quim
787 3830 982 3880 summum
995 3807 1147 3906 tetigere
1158 3810 1316 3904 jacentia
1328 3819 1494 3908 tergum,

496 4021 504 4050 ¹
519 4019 639 4082 Frcena,
650 4015 821 4090 metaphore
829 4017 980 4094 poetique,
990 4036 1070 4092 pour
1080 4020 1143 4078 dire
1154 4021 1180 4079 le
1191 4021 1377 4100 gouvernail,
1385 4021 1492 4097 auquel

452 4133 495 4174 un
506 4113 608 4174 uarice
620 4113 698 4172 oben
709 4135 822 4174 comme
835 4135 876 4174 un
888 4116 991 4174 chevet
1001 4135 1041 4176 au
1052 4117 1138 4176 frein.
