3150 5354
1563 451 1564 496 i

424 539 497 618 240
540 554 626 612 uos
655 523 1104 610 nirsnoarnosns
1130 555 1362 640 merrus,
1563 511 1564 600 i

474 703 554 798 Sic,
569 699 639 774 ubi
657 697 848 774 tolluntur
860 697 964 774 festis
977 700 1097 775 aulaea
1111 701 1287 805 theatris,

423 841 582 936 Surgere
598 831 702 934 signa
714 833 854 932 solent,
869 835 1117 934 primumque
1130 839 1326 914 ostendere
1338 839 1511 936 vultum,

422 973 565 1072 Cetera
577 967 759 1068 paulatim
770 997 780 1063 ;
796 965 1021 1066 placidoque
1038 967 1173 1046 educta
1185 983 1317 1048 tenore

421 1103 517 1178 Tota
528 1113 677 1202 patent,
694 1105 850 1198 imoque
864 1099 977 1198 pedes
994 1101 1037 1174 in
1051 1105 1220 1202 margine
1234 1117 1404 1204 ponunt.

470 1231 643 1306 Territus
660 1231 767 1306 hoste
781 1257 883 1306 novo
899 1231 1062 1308 Cadmus
1076 1259 1207 1332 capere
1221 1261 1327 1310 anna
1339 1235 1512 1332 paraba13

421 1361 478 1437 Ne
494 1388 599 1460 cape,
617 1360 664 1436 de
679 1362 841 1460 populo,
860 1388 976 1459 quem
989 1373 1091 1438 terra
1103 1379 1312 1465 creaverat,
1327 1391 1438 1440 unus

423 1493 616 1566 Exclamat
633 1521 641 1566 :
658 1517 727 1566 nec
741 1504 779 1564 te
793 1492 971 1566 civilibus
986 1518 1109 1567 msere
1125 1493 1246 1570 bellis.

421 1625 547 1720 Atque
560 1623 630 1721 ita,
645 1622 843 1718 terrigenis
855 1620 977 1718 rigido
989 1621 1037 1696 de
1049 1621 1230 1701 fratribus
1246 1648 1375 1698 unum

293 1806 296 1814 ,
421 1751 604 1827 Cominus
617 1775 705 1824 ense
717 1749 806 1822 ferit
823 1777 831 1824 ε
847 1750 971 1844 jaculo
984 1750 1085 1826 cadit
1098 1753 1249 1828 eminus
1266 1756 1357 1850 ipse.

421 1879 493 1952 Hic
509 1901 681 1978 quoque,
698 1879 767 1976 qui
780 1879 855 1952 leto
868 1877 1042 1974 dederat,
1059 1906 1139 1954 non
1152 1881 1301 1982 longius
1314 1883 1384 1956 illo

321 1995 323 2005 ¹
419 2011 545 2102 vivit,
562 2023 599 2084 et
615 2010 782 2108 expirat,
797 2010 911 2084 mode
925 2033 1019 2108 quas
1035 2027 1243 2113 acceperat,
1258 2041 1383 2090 auras.

419 2139 681 2238 Exemploque
695 2138 779 2237 pari
791 2137 890 2212 furit
901 2143 1027 2216 omnis
1040 2145 1153 2218 turba
1169 2173 1177 2218 ε
1192 2169 1339 2244 suoque

419 2273 539 2346 Marte
552 2270 694 2346 cedunt
706 2270 823 2344 subiti
844 2277 850 2306 ¹
867 2297 936 2370 per
950 2284 1086 2348 mutua
1099 2273 1260 2350 vulnera
1272 2276 1425 2352 fratres.

311 2485 313 2494 ,
418 2407 579 2502 Jamque
591 2407 720 2481 brevis
735 2405 901 2504 epatium
914 2407 1004 2482 vitoe
1020 2411 1151 2484 sortita
1166 2412 1348 2505 juventus
1388 2450 1390 2454 ·

419 2536 671 2635 Sanguineam
684 2534 834 2634 trepido
846 2537 1071 2636 plangebant
1082 2551 1232 2636 pectore
1248 2552 1432 2636 matrem,

419 2665 602 2764 Quinque
615 2664 882 2762 superstitibus
896 2689 904 2738 ε
922 2691 1090 2764 quorum
1102 2666 1178 2740 fuit
1190 2695 1292 2742 unus
1303 2669 1456 2746 Echion
1470 2678 1494 2742 ¹.

418 2795 454 2868 Is
470 2823 538 2870 sua
551 2795 639 2892 jecit
653 2793 785 2892 humi,
808 2798 961 2872 monitu
974 2798 1205 2898 Tritonidis,
1220 2827 1325 2878 arma
1333 2834 1345 2898 ;

416 2927 443 3001 F
445 2940 680 3022 raternaeque
696 2923 813 2998 fidem
826 2929 927 3022 pacis
945 2928 1129 3026 petiitque
1142 2929 1323 3028 deditque
1337 2928 1363 3004 ³.

416 3062 494 3134 Hos
509 3060 632 3157 operis
645 3057 799 3132 comites
813 3059 950 3134 habuit
964 3062 1143 3138 Sidonius
1157 3063 1171 3108 ⁴
1185 3061 1341 3162 hospes;

417 3193 515 3266 Cum
531 3190 659 3291 posuit
671 3193 812 3290 jussam
826 3191 1002 3268 Phoebeis
1016 3194 1182 3268 sortibus
1195 3196 1343 3270 urbem.

459 3411 468 3439 ¹
491 3403 584 3464 Satist
589 3448 599 3476 ,
618 3423 699 3480 pour
710 3405 792 3474 dire,
810 3403 904 3462 subite
919 3403 1027 3464 dterrd
1039 3411 1111 3464 nati·

459 3507 473 3539 ⁸
495 3493 626 3574 Echion,
640 3507 679 3562 ne
691 3503 743 3562 des
756 3503 842 3564 dente
853 3503 896 3564 dn
913 3507 1036 3585 Drsgon
1048 3507 1087 3566 de
1099 3507 1198 3578 Mers,
1216 3513 1329 3584 eponae
1340 3509 1463 3588 Agave,

417 3607 475 3667 fille
488 3609 525 3666 de
539 3607 669 3666 Cadmus
681 3619 710 3666 et
721 3607 910 3666 d'Hermioue
921 3651 930 3678 ,
943 3620 972 3668 et
985 3610 1032 3668 tut
1046 3611 1072 3668 le
1085 3610 1155 3685 ptre
1164 3610 1204 3666 de
1216 3610 1351 3667 Penths'e

460 3703 473 3742 ³
497 3711 602 3782 Quelle
618 3709 769 3768 concisiori
782 3711 789 3766 Ξ
805 3711 902 3786 quelle
913 3712 1038 3771 vivacitt
1049 3711 1089 3786 ¹de
1106 3715 1199 3790 style!
1215 3715 1260 3770 Eu
1273 3711 1350 3770 ἀοιιι
1363 3724 1461 3778 mets,

415 3813 444 3871 la
454 3815 523 3889 paix
535 3825 579 3872 est
590 3811 751 3870 demandte
764 3825 792 3870 et
806 3811 956 3870 uecordes.
1563 3865 1564 3878 ,

454 3911 469 3959 ⁴
489 3916 629 3992 Agenor,
642 3914 762 3990 perede
775 3913 903 3974 Cadmus
916 3925 945 3972 et
957 3913 1124 3991 d’tturope‚
1138 3911 1254 3991 rtgnait
1266 3915 1283 3971 i
1297 3915 1374 3990 Tyr,
1389 3934 1459 3972 sur·
1563 3903 1564 3952 i

415 4020 551 4078 nominee
564 4014 668 4077 Sidon.
