3150 5354
456 535 526 634 198
569 548 656 605 cus
684 514 1131 608 nirauouruosas
1162 548 1392 622 novica,

450 694 649 791 verbaque
664 689 816 788 jactanti
833 695 841 725 ¹
857 671 1075 786 munima
1094 691 1252 788 cane,
1268 692 1390 788 sinu
1427 739 1432 744 -

449 821 551 900 Hinc
564 845 629 919 ego
645 843 799 896 menon
812 842 898 892 sum
910 815 986 892 uisi
997 828 1036 891 te
1049 831 1200 892 motura
1206 820 1376 917 repulsu.

499 952 669 1050 Stemus,
684 950 754 1047 ait,
770 961 898 1047 pacto,
913 947 1027 1022 velox
1040 949 1254 1050 Cyllenius,
1269 951 1361 1044 isto;

450 1079 679 1178 Caelatasque
694 1077 791 1154 fores
805 1075 910 1174 virga
924 1074 1110 1174 patefecit.
1127 1075 1178 1150 At
1189 1077 1248 1150 illi

449 1215 611 1312 Surgere
623 1210 777 1286 conanti
792 1219 935 1307 partes,
952 1232 1209 1305 quascumque
1221 1205 1387 1282 sedendo

449 1343 675 1442 flectimur,
690 1342 824 1443 ignaval
836 1354 1034 1440 nequeunt
1046 1342 1226 1440 gravitate
1237 1338 1397 1414 moveri.

448 1479 523 1558 Illa‘
531 1478 687 1577 quidem
699 1487 801 1552 recto
813 1487 954 1574 pugnat
966 1500 1005 1549 se
1016 1473 1185 1548 attollere
1198 1485 1335 1546 trunoe
1346 1501 1357 1568 3

394 1641 397 1650 ·
448 1608 523 1683 Sed
537 1634 704 1707 genuum
717 1609 895 1703 junctum
910 1608 1020 1706 riget,
1036 1603 1230 1704 frigusque
1248 1631 1317 1703 per
1328 1627 1475 1702 ungues

449 1742 628 1833 lubitum
644 1749 681 1812 et
692 1739 854 1841 pallent,
872 1739 1007 1814 amisso
1024 1737 1223 1835 sanguine,
1239 1761 1361 1810 venae.

447 1866 578 1965 thue
590 1863 735 1940 malum
746 1863 820 1938 late
832 1863 926 1938 solet
938 1863 1214 1942 immedicabile
1227 1889 1361 1940 cancer

346 1977 350 1987 '
449 1999 626 2096 serpere,
643 2007 680 2069 et
692 1995 823 2069 iussas
837 1993 978 2068 anau
996 1995 1133 2072 adsere
1146 2009 1288 2093 parua

449 2125 514 2200 Sic
528 2125 648 2202 letalis
663 2123 786 2203 hiems
802 2123 985 2219 paulatim
998 2123 1204 2220 inpectora
1216 2123 1345 2220 veuit,

450 2255 666 2352 vitalesque
679 2253 760 2328 vias
772 2265 811 2328 et
822 2253 1071 2352 respiramina
1083 2253 1229 2332 clausit.-

450 2385 527 2461 Nec
540 2391 671 2456 conata
686 2379 793 2478 loqui
807 2391 880 2456 est:
897 2405 967 2454 nec
975 2438 987 2477 ,
1006 2380 1182 2454 siconata
1193 2379 1346 2478 fuisset,

447 2514 562 2592 Vocis
574 2514 729 2590 haberet
741 2511 825 2587 lter.
843 2512 985 2588 Saxum
998 2513 1073 2608 jam
1087 2513 1181 2586 colla
1194 2513 1360 2610 tenebat,
1453 2513 1461 2532 ⁴

448 2653 603 2746 Oraque
615 2647 844 2743 duruerant,
861 2645 1086 2744 signumque
1100 2671 1284 2744 exsangue
1297 2645 1460 2722 sedebat.

450 2779 526 2864 Nec
537 2777 632 2878 lapis
644 2777 751 2858 albus
765 2788 861 2855 erat:
876 2803 944 2856 sua
955 2803 1064 2852 mene
1077 2775 1255 2850 infecerat
1266 2777 1385 2856 illam.

717 3019 870 3096 XXVI.
898 3025 1065 3122 Europus
1079 3035 1222 3121 mptzcs.
1344 2990 1348 2998 .

496 3260 594 3337 Has
606 3263 675 3338 ubi
687 3265 894 3338 verborum
905 3287 1055 3362 poenas,
1071 3263 1286 3362 mentisque
1297 3261 1479 3363 prusenus,

448 3391 557 3491 Cepit
569 3391 820 3491 Atlantiades3
835 3393 955 3468 dictas
966 3421 987 3469 a
1000 3393 1147 3468 Pallade
1160 3405 1278 3468 terras

447 3517 609 3617 Linquit
621 3533 658 3592 et
670 3519 881 3618 ingreditur
892 3523 1035 3618 jactatis
1048 3523 1188 3600 aethera
1200 3525 1349 3622 pennis.

447 3649 605 3724 Sevocat
617 3647 723 3722 hunc
735 3649 881 3746 genitor
897 3678 906 3726 a
921 3677 992 3727 nec
1005 3677 1153 3728 causam
1165 3651 1283 3728 fassus
1295 3653 1455 3750 amoris,

488 3865 500 3902 ¹
521 3861 563 3917 La
574 3858 654 3918 force
667 3862 832 3938 expressive
841 3860 879 3920 de
893 3881 925 3922 ce
936 3865 1025 3923 verbe
1038 3863 1151 3943 rignifie
1162 3885 1222 3943 que
1232 3866 1260 3924 le
1272 3865 1341 3926 dieu
1355 3865 1428 3945 perd
1440 3883 1482 3926 ses

447 3959 563 4040 petales
577 3956 651 4020 dnm
662 3959 744 4036 l’air,
757 3971 787 4020 et
799 3979 859 4042 que
872 3979 904 4024 sa
918 3963 1015 4044 priere
1028 3964 1102 4026 n'eu
1114 3981 1168 4044 pas
1180 3965 1312 4026 tcoutte.
