3180 5358
461 569 531 642 154
575 587 658 642 uas
690 560 1136 646 uirsuonruosss
1166 591 1412 673 n’ovrua,

459 851 532 925 Xl.
560 855 669 927 Orbis
687 855 933 930 collacandi
951 857 1066 930 vicem
1085 859 1222 934 abnuit
1231 862 1411 960 Apollo,
1432 887 1512 934 cur-

520 1017 675 1088 rumque
691 993 865 1082 tandem
882 996 1074 1068 orantibus
1090 997 1202 1085 Diis,
1215 999 1456 1072 conscendit.

414 1222 419 1236 ,
508 1245 760 1332 Squameus
773 1249 916 1326 interea
926 1250 1072 1348 genitor
1085 1251 1328 1350 Phaetontis,
1347 1266 1388 1328 et
1402 1277 1521 1350 expers

461 1375 545 1473 Ipse
559 1377 619 1450 sui
635 1377 797 1476 decoris,
814 1381 952 1478 qualis,
968 1384 1056 1456 clun
1069 1381 1195 1457 deficit
1207 1386 1371 1482 orbem,

443 1602 445 1607 s
459 1505 548 1580 Esse
563 1509 656 1582 solet
673 1538 680 1583 :
699 1509 899 1608 lucemque
914 1509 1012 1608 odit,
1031 1537 1145 1608 seque
1161 1511 1258 1611 ipse,
1278 1513 1489 1609 diemque;

458 1641 607 1738 Datque
620 1643 793 1718 animum
806 1643 848 1717 in
863 1644 1006 1742 luctus,
1023 1658 1061 1720 et
1073 1645 1239 1720 luctibus
1251 1647 1391 1743 adjicit
1405 1645 1493 1718 iram
1511 1671 1515 1710 :

461 1775 714 1876 Officiumque
728 1791 837 1876 negat
848 1779 1008 1853 mundo.
1027 1779 1141 1878 Satis,
1158 1781 1306 1880 inquit,
1324 1783 1376 1855 ab
1390 1778 1463 1854 aevi

461 1913 548 1986 Sors
564 1936 646 1986 mea
659 1913 857 2010 principiis
869 1911 944 1986 fuit
960 1913 1162 2010 irrequieta
1180 1943 1188 1988 :
1205 1915 1390 2014 pigetque

461 2045 643 2118 Actorum
657 2043 739 2117 sine
753 2044 829 2117 fine
843 2045 959 2143 mihi,
975 2045 1056 2118 sinc
1071 2045 1234 2141 honore,
1249 2049 1445 2124 laborum.

411 2231 415 2246 a.
463 2177 633 2264 Quilibet
646 2177 738 2250 alter
753 2190 835 2275 agat
848 2193 1038 2274 portantes
1054 2181 1200 2256 lumina
1213 2208 1368 2258 currus.

463 2312 503 2384 Si
520 2337 632 2385 nemo
649 2323 720 2405 est,
737 2337 943 2410 omnesque
958 2313 1029 2386 Dei
1046 2338 1123 2386 non
1138 2339 1244 2411 posse
1256 2313 1450 2406 fatentur,

369 2445 373 2453 ’
463 2449 546 2546 lpse
562 2461 642 2546 agat
659 2477 667 2522 :
683 2461 728 2520 ut
744 2447 892 2546 saltem,
908 2449 1001 2524 dum
1020 2459 1164 2522 nostras
1178 2460 1296 2522 tentat
1312 2449 1492 2536 habenas,

465 2583 655 2662 Orbatura
667 2593 789 2680 patres
805 2581 1008 2680 aliquando
1021 2581 1184 2657 fulmina
1198 2595 1313 2680 ponat
1334 2591 1358 2657 ¹.

465 2715 568 2790 Tum
583 2717 691 2816 sciet,
706 2714 927 2816 ignipedum
941 2717 1042 2790 vires
1057 2729 1235 2814 expertus
1249 2737 1458 2814 equorum,

465 2851 551 2926 Non
567 2851 750 2926 meruisse
765 2876 913 2946 necem,
931 2851 999 2948 qui
1012 2875 1092 2922 non
1105 2851 1202 2924 bene
1217 2851 1365 2924 rexerit
1378 2847 1470 2922 illos.

513 2981 620 3058 Talia
631 2983 822 3058 dicentem
839 2983 1083 3056 circumstant
1096 2981 1224 3056 omnia
1238 2981 1367 3068 Solem

466 3113 631 3191 Numina
646 3142 655 3186 ε
671 3139 768 3186 neve
782 3113 875 3187 velit
887 3114 1059 3186 tenebras
1071 3111 1252 3186 inducere
1266 3115 1384 3222 rebus

470 3247 645 3346 Supplice
657 3273 749 3323 voce
762 3259 904 3345 rogant.
921 3245 1052 3322 Missos
1065 3274 1218 3346 quoque
1230 3248 1408 3346 luppiter
1421 3243 1512 3340 ignct

471 3377 651 3474 Excusat,
668 3381 917 3477 precibusque
930 3385 1051 3454 minas
1065 3381 1235 3478 regaliter
1247 3381 1353 3457 addit
1369 3391 1392 3455 ¹.

512 3613 519 3642 ¹
542 3609 655 3664 Patres.
677 3609 737 3667 Per
755 3611 893 3668 iuvidiam
907 3613 1023 3688 plurali
1041 3613 1127 3670 utitur
1144 3631 1263 3670 numero
1273 3653 1284 3684 ,
1304 3613 1370 3670 calm
1388 3612 1426 3666 de
1445 3617 1496 3660 1⁹²⁰

470 3712 613 3785 loquatur.

511 3831 525 3862 ⁸
547 3829 653 3884 Missos
664 3840 787 3884 excusat
796 3829 886 3904 ignes.
898 3831 1081 3904 Remarquez
1091 3829 1120 3884 la
1129 3826 1277 3886 hardiesse
1287 3826 1324 3883 de
1336 3835 1411 3884 cette
1422 3819 1498 3875 locu·

471 3931 554 4000 tion,
572 3942 601 3988 et
619 3929 769 3987 d'ailleurs
788 3942 918 4007 peut-ou
938 3931 1037 3992 micus
1054 3931 1243 3992 caracteriser
1260 3931 1290 3991 la
1307 3929 1417 4010 digrdte
1433 3919 1498 3980 d'vss

471 4034 576 4088 maltro
589 4030 641 4108 qui
655 4030 769 4105 supplic
780 4031 793 4086 ?
