3150 5354
436 595 504 670 184
552 610 635 664 uss
665 583 1105 665 nernnosmoses
1136 613 1357 686 novum,

490 835 626 908 XXII.
654 836 851 906 Battus-in
869 803 1033 932 lapidem
1049 838 1111 908 cui
1126 862 1259 908 nomen
1275 838 1407 909 Index.

478 1059 674 1154 Fessus,
690 1077 877 1156 opemque
890 1069 996 1130 tuam
1009 1056 1148 1131 frustra
1160 1057 1374 1156 Philyreius
1385 1057 1508 1143 heros,

431 1183 630 1280 Delphice,
649 1184 821 1280 poscebat
838 1211 846 1256 :
862 1183 925 1256 sed
944 1209 1012 1256 nec
1025 1184 1236 1258 rescindere
1252 1187 1376 1284 magni

429 1316 538 1388 Jussa
552 1313 658 1388 Jovis
673 1327 817 1410 poteras
835 1343 842 1386 :
860 1341 948 1409 nec,
968 1316 999 1387 si
1013 1316 1223 1389 rescindere
1239 1344 1381 1413 posses,

430 1445 542 1518 Tune
556 1443 695 1518 aderas.
712 1443 799 1516 Elin
811 1443 1067 1541 Messeniaque
1080 1473 1170 1518 ervo
1182 1447 1336 1520 colebas.

307 1579 315 1606 ⁸
428 1564 528 1666 Illud
543 1588 623 1650 erat
638 1587 806 1672 tempus,
822 1603 900 1673 quo
916 1588 953 1650 te
970 1578 1131 1676 pastoris
1146 1579 1254 1675 pellis
1349 1651 1354 1666 ,

428 1701 561 1797 Texit,
577 1726 750 1798 onusque
762 1699 837 1774 fuit
852 1701 1030 1776 baculum
1043 1703 1211 1778 silvestre
1225 1704 1402 1798 sinisnae3

429 1829 612 1925 Alterius,
627 1827 755 1926 dispar
770 1830 930 1926 septenis
942 1827 1066 1904 fistula
1079 1834 1208 1906 cannis
1226 1841 1249 1938 Ἰ.

428 1963 608 2056 Dumque
621 1987 727 2034 amor
740 1971 795 2033 est
807 1987 924 2056 eune,
940 1961 1034 2035 dum
1049 1976 1084 2036 te
1097 1978 1163 2038 tus
1175 1965 1298 2038 fistula
1311 1966 1463 2058 mulcet;

430 2089 672 2165 Incustoditae
689 2089 812 2186 Pylios
828 2105 1087 2166 memorantur
1102 2095 1146 2167 in
1161 2124 1265 2194 egros

428 2218 650 2296 Processisse
666 2218 792 2292 boves.
809 2219 922 2292 Videt
937 2219 1005 2293 hes
1021 2221 1211 2299 Atlantide
1223 2225 1321 2322 Msjsi

428 2352 545 2426 Natus
554 2379 565 2442 3
582 2359 620 2420 et
634 2357 713 2419 erte
729 2345 797 2419 sut
809 2347 915 2421 silvis
927 2351 1087 2424 occultat
1102 2354 1256 2428 abactas.

428 2481 599 2554 Senserat
610 2474 684 2548 hoc
700 2473 847 2585 lurtum
862 2504 991 2574 neme,
1008 2481 1082 2554 nisi
1099 2497 1210 2556 notus
1224 2485 1266 2557 in
1283 2485 1349 2558 illo

427 2613 530 2684 Rure
543 2633 658 2682 senex
675 2636 683 2680 :
698 2605 847 2682 Battum
862 2605 1004 2682 vicinia
1017 2621 1094 2684 tots
1106 2612 1300 2688 voosbsut.

427 2736 566 2812 Divitis
578 2735 644 2810 hic
656 2735 770 2808 saltus
784 2735 1015 2833 herbosaque
1029 2765 1163 2837 pascua
1176 2743 1297 2839 Nelei,
1328 2776 1331 2787 ·

396 2924 400 2933 ,
426 2869 695 2966 Nobiliumque
710 2894 832 2966 greges
849 2886 972 2945 custos
988 2877 1158 2948 servabat
1174 2903 1367 2972 equarum.
1415 2885 1419 2896 '

426 3003 540 3074 Hunc
556 2998 706 3094 timuit,
722 2999 934 3096 blandique
949 3027 1066 3076 manu
1083 3003 1235 3106 seduxit
1252 3034 1259 3077 :
1275 3017 1330 3099 et,
1351 3003 1431 3096 Eia,

426 3131 609 3229 Quisquis
626 3157 683 3226 es,
699 3131 854 3229 hospes,
869 3133 941 3230 ait,
956 3135 988 3208 si
1004 3135 1098 3210 forte
1114 3149 1282 3210 armenta
1294 3135 1454 3234 requiret

424 3259 515 3333 uaec
530 3235 666 3355 uliquis
684 3287 691 3332 =
707 3259 847 3334 vidisse
864 3287 955 3360 nega
972 3293 980 3338 :
995 3291 1072 3338 neu
1083 3267 1199 3364 paea
1213 3265 1309 3340 sacto

425 3391 537 3470 Nulla
550 3375 795 3488 rependatur,
810 3393 969 3468 nitidem
984 3421 1072 3492 cape
1087 3397 1242 3493 praemia
1255 3421 1413 3469 vectum.

424 3523 473 3602 Et
485 3521 602 3596 dedit.
623 3521 781 3618 Acceptsl
794 3499 983 3596 ¹voceshss
998 3524 1162 3597 reddidit
1174 3525 1307 3621 hospes
1314 3528 1329 3619 '3

422 3655 546 3728 Tutus
563 3679 621 3725 eas
640 3651 756 3750 :lapis
773 3654 841 3729 iste
856 3657 963 3754 prius
976 3667 1041 3730 tun
1059 3657 1159 3730 furta
1171 3659 1360 3754 loquetur.

464 3856 473 3886 ¹
490 3816 674 3924 Apellonl'ut
684 3844 757 3907 exile
765 3851 808 3909 du
817 3852 869 3909 ciel
879 3893 888 3921 ‚
897 3871 978 3928 pour
988 3853 1073 3911 s’ttre
1082 3857 1175 3930 venge
1186 3874 1238 3912 sur
1247 3854 1288 3910 les
1296 3853 1450 3930 Cyclopes,

420 3951 576 4028 torgerons
588 3945 626 4006 de
636 3947 663 4004 ls
673 3947 799 4017 sondro,
809 3949 846 4008 de
858 3969 890 4008 ee
902 3969 960 4027 que
971 3951 1088 4026 Jupiter
1098 3952 1178 4009 r'vait
1188 3951 1336 4028 loudroyt
1347 3970 1401 4010 sou
1412 3949 1452 4008 fils

419 4049 575 4126 ltsculepe.
