3220 5348
410 624 483 702 254
525 639 608 696 uus
637 607 1081 696 nirsuonrnoses
1111 629 1341 706 mortue,

408 798 492 894 lpsa
506 787 668 891 petenda
683 782 781 860 mihi
798 794 854 856 est
870 809 877 855 :
895 781 1035 878 ipsum,
1051 781 1083 854 si
1097 781 1264 854 maxime
1275 783 1297 854 J
1301 805 1378 854 uno

407 929 494 1002 Rite
507 947 640 1017 vocor,
659 915 839 1018 perdam¹
861 942 868 986 :
889 912 921 986 si
936 939 997 985 me
1010 914 1236 1010 gemmantia
1249 913 1383 988 deme

407 1061 558 1157 Seeptm
570 1065 700 1128 tenere
715 1046 841 1142 decet3
857 1043 889 1120 si
903 1069 989 1142 sum
1005 1047 1150 1143 regins,
1165 1041 1347 1144 lorisque

406 1195 455 1278 Et
466 1213 573 1266 soror
585 1197 623 1260 et
635 1183 791 1278 conjux.
807 1177 916 1252 Certe
928 1201 1047 1252 soror.
1062 1176 1131 1276 At,
1145 1185 1260 1278 puto,
1274 1176 1379 1254 furto
1390 1187 1447 1252 est

406 1323 592 1398 contenta
608 1343 616 1388 :
632 1325 670 1386 et
684 1305 842 1386 thalami
854 1305 984 1383 brevis
997 1318 1054 1380 est
1068 1305 1211 1402 injurie
1225 1307 1357 1382 nostri.

335 1470 338 1480 '
405 1451 605 1550 Concipit:
622 1447 661 1522 id
678 1444 805 1520 deerat
822 1469 830 1516 :
846 1439 1117 1540 manifesteque
1132 1441 1294 1516 crimina
1309 1439 1422 1540 pleno

406 1587 493 1660 Fert
508 1595 618 1656 utero
635 1607 642 1652 :
660 1589 698 1652 et
713 1587 853 1671 mater,
869 1571 971 1671 quod
987 1572 1055 1646 vix
1069 1572 1167 1646 mihi
1181 1572 1337 1673 contigit
1351 1567 1423 1645 uni
1438 1573 1468 1660 ¹,

321 1751 330 1768 1
405 1715 462 1790 De
476 1715 571 1788 Jove
585 1709 673 1784 vult
684 1705 767 1780 fieri
785 1734 792 1778 :
807 1715 912 1778 tanta
925 1715 980 1778 est
994 1701 1133 1778 fiducie
1147 1702 1301 1780 formae!

404 1845 520 1920 Fallet
533 1857 636 1934 eam,
652 1837 740 1914 fuxo
758 1863 765 1908 :
782 1860 853 1908 nec
868 1832 941 1908 sim
958 1833 1152 1931 Saturnis,
1171 1835 1299 1909 sinon

404 1974 463 2047 Ab
475 1973 569 2062 Jove
583 1993 705 2042 mersa
719 1989 789 2038 suo
806 1961 947 2061 Stygias
961 1963 1168 2062 penetririt
1183 1965 1227 2039 in
1243 1964 1376 2044 undas.

454 2101 580 2198 Surgit
595 2095 716 2171 abhis
731 2095 825 2168 solio
843 2123 851 2168 :
866 2091 1049 2192 fulvique
1062 2096 1255 2170 recondita
1268 2097 1371 2172 nube

403 2231 539 2306 Limen
554 2227 634 2302 edit
647 2225 808 2300 Semeles
827 2253 834 2298 :
851 2245 922 2298 nee
934 2225 1056 2299 nubes
1071 2237 1158 2300 ante
1171 2226 1353 2323 removit,

403 2361 531 2450 Quim
544 2355 740 2433 simulavit
751 2381 891 2452 enum,
906 2357 1108 2455 posuitque
1121 2355 1168 2432 sd
1182 2370 1352 2458 tempore
1363 2381 1496 2456 esnos,

403 2491 646 2590 sulcavitque
660 2500 785 2563 cutem
804 2487 907 2585 rugis
920 2499 958 2560 et
972 2511 1091 2562 mirre
1105 2490 1285 2563 trementi

402 2623 574 2700 Membra
588 2621 804 2719 tulitpsssu
821 2648 829 2693 :
845 2644 978 2694 vocem
991 2643 1145 2717 quoque
1157 2617 1247 2692 iecit
1258 2617 1397 2694 anilem
1413 2647 1422 2694 ε

402 2757 562 2854 lpsaque
577 2753 621 2828 fit
633 2753 771 2848 Beros,
787 2750 948 2825 Semeles
964 2750 1170 2849 Epidauria
1186 2752 1335 2828 nutrix.

401 2887 497 2986 Ergo
512 2887 600 2983 ubi,
617 2895 762 2982 ueptnto
778 2909 970 2980 sermone,
987 2882 1132 2984 diuque
1147 2885 1358 2984 loquendo,

400 3020 459 3095 Ad
475 3045 616 3094 nomen
629 3019 768 3092 venere
783 3015 913 3112 Jovis3
930 3018 1094 3114 suspimt
1109 3047 1116 3092 :
1132 3029 1188 3114 et,
1205 3021 1343 3117 Optem

399 3151 576 3250 luppiter
589 3163 635 3226 ut
647 3151 712 3249 sit,
728 3149 782 3224 uit
798 3177 806 3223 :
822 3161 953 3222 metuo
966 3161 1092 3222 temen
1107 3149 1237 3223 omnis
1253 3178 1261 3221 ε
1278 3147 1391 3222 multi

398 3281 562 3358 Nomine
575 3281 757 3356 divorum
774 3279 960 3354 thalamos
973 3279 1123 3353 subiere
1138 3277 1307 3376 pudieus.

399 3417 475 3491 Nee
487 3427 615 3490 tumen
630 3439 708 3488 esse
723 3415 830 3490 lovis
847 3416 935 3488 satis
948 3425 1004 3488 est
1021 3414 1109 3488 :det
1122 3411 1259 3512 pignus
1272 3411 1429 3510 amoris,

398 3550 438 3623 Si
451 3549 566 3625 modi)
579 3575 694 3625 verus
709 3549 741 3624 is
755 3562 812 3623 est
827 3580 835 3626 :
851 3561 1094 3650 quantusque
1107 3561 1144 3624 et
1157 3547 1279 3646 quelis
1291 3547 1337 3620 ab
1354 3547 1432 3620 elul

308 3753 314 3772 ’
441 3739 451 3772 ¹
475 3736 579 3794 Juuou
593 3753 631 3792 ue
644 3753 764 3792 nomme
776 3734 863 3810 point
878 3752 911 3792 ss
928 3733 1040 3792 rivus:
1059 3734 1114 3792 elle
1133 3734 1201 3790 n'en
1216 3751 1233 3790 a
1246 3750 1300 3808 pas
1311 3730 1437 3791 besoim

396 3851 429 3894 u
441 3831 530 3890 mine
542 3852 580 3890 en
593 3843 637 3890 est
650 3843 720 3909 trop
736 3835 874 3912 occupes.
888 3833 930 3890 h
944 3831 1122 3908 repetition,
1135 3833 1220 3908 lpse,
1235 3833 1351 3906 civemn,
1368 3829 1438 3889 l’in·

397 3931 488 4010 dique
503 3951 594 3991 essa.

440 4035 453 4064 ⁸
473 4032 576 4102 Junon
588 4031 698 4090 n’mit
711 4051 749 4092 eu
763 4036 860 4112 qu'uu
871 4031 919 4093 fils
930 4032 967 4094 de
979 4031 1115 4119 Jupiter5
1128 4042 1158 4092 et
1169 4049 1276 4092 encore
1290 4029 1362 4110 quel
1372 4027 1437 4088 fllsl

397 4127 425 4184 le
438 4127 560 4188 beiteux
573 4127 709 4192 Vuleeiu.
885 4122 888 4132 ’
