3180 5358
467 559 537 634 14ss
608 575 695 630 cus
723 531 1163 640 urirnnourrrosus·
1192 571 1421 647 norror,

461 720 572 795 unae
588 729 717 794 movet
733 691 918 813 ahian,
934 716 1154 815 vibrataque
1167 717 1330 792 furmina
1344 721 1465 813 jacar.
1576 795 1577 802 q

459 854 532 928 Sed
550 877 674 948 neque
687 875 781 946 quas
796 861 918 945 posset
931 849 1042 924 terris
1056 849 1236 924 inducere
1252 851 1393 946 nubes,

458 985 568 1058 Tunc
582 981 718 1057 habuit
735 1011 743 1056 :
759 1007 848 1079 nec,
864 1008 959 1080 quos
973 982 1068 1058 coelo
1082 982 1315 1078 demitteret,
1334 982 1485 1056 imbres.
1577 1075 1578 1092 χ

457 1116 608 1188 Intonat
625 1142 632 1187 :
649 1126 687 1188 et
697 1113 831 1188 dextral
844 1113 1025 1188 libratum
1039 1112 1185 1187 fulmen
1199 1115 1246 1187 ab
1261 1139 1353 1186 anre

456 1244 561 1318 Misit
573 1245 613 1318 in
631 1245 799 1342 aurigam
817 1273 825 1316 :
840 1238 1056 1340 pariterque
1070 1241 1273 1340 animatque
1288 1243 1457 1339 rotisque

456 1374 613 1472 Expulit
626 1385 664 1448 et
678 1374 787 1448 saevis
802 1373 1031 1470 compescuit
1043 1374 1195 1472 ignibus
1209 1373 1323 1470 ignes.

505 1505 802 1578 Consternantur
816 1503 905 1600 equi
923 1531 930 1576 :
947 1513 1002 1600 et,
1020 1502 1116 1578 saltu
1131 1501 1174 1574 in
1189 1500 1377 1576 contraria
1387 1499 1499 1590 facto,

457 1631 559 1706 Colla
571 1633 659 1729 jugo
673 1631 860 1728 eripiunt,
876 1633 1110 1729 abruptaque
1123 1632 1204 1705 lora
1215 1629 1454 1729 relinquunt.

457 1763 538 1836 Illic
552 1762 670 1837 naena
681 1765 821 1860 jacent,
836 1763 914 1836 illic
927 1775 1077 1840 temone
1091 1762 1266 1840 revulsus
1282 1771 1290 1798 ¹

458 1891 568 1986 Axis,
584 1889 627 1964 in
640 1889 711 1966 hac
727 1889 825 1962 radii
839 1887 1044 1964 fractarum
1058 1898 1164 1986 purte
1179 1899 1372 1984 rotarum3

459 2021 666 2117 Sparsaque
679 2031 770 2090 sunt
782 2017 980 2118 latelaceri
995 2015 1149 2114 vestigia
1162 2015 1310 2090 currus.

507 2151 558 2223 At
572 2149 758 2244 Phanou,
777 2148 911 2222 rutilos
924 2147 1077 2222 flammei
1089 2127 1294 2247 populante
1309 2149 1482 2248 capillos,

457 2280 638 2356 Volvitur
650 2279 692 2364 in
709 2304 892 2378 praeceps,
906 2280 1093 2376 longoque
1106 2303 1175 2376 per
1188 2285 1273 2352 adra
1284 2292 1409 2354 tractu

459 2414 615 2506 Fertur3
633 2420 679 2482 ut
691 2407 888 2483 interdum
903 2409 950 2484 de
963 2407 1059 2482 coelo
1075 2408 1180 2482 stella
1191 2433 1343 2507 sereno,

440 2533 443 2540 ¹
459 2540 538 2615 Etsi
551 2564 630 2614 non
645 2537 797 2636 cecidit,
815 2538 942 2636 potuit
956 2535 1132 2612 cecidisse
1147 2536 1284 2612 videri.

459 2671 586 2760 Quem
599 2667 733 2768 procul
749 2667 772 2740 l
788 2666 910 2765 patrita
922 2662 1072 2738 diverso
1088 2665 1279 2740 maximus
1291 2667 1383 2740 orbe

459 2805 611 2901 Excipit
626 2803 832 2899 Eridanus,
849 2797 1138 2898 spumantiaque
1151 2799 1273 2873 abluit
1285 2825 1362 2874 ora.

458 2935 594 3014 Naides
607 2932 797 3030 Hesperias
810 2928 938 3006 trifida
950 2927 1137 3002 fumantia
1148 2927 1302 3004 flammat
1365 2993 1370 3006 .

461 3064 746 3166 Corpora¹dant
753 3062 904 3138 tumulo
916 3061 1154 3160 :signentque
1161 3061 1233 3135 hoc
1242 3062 1410 3168 carmine
1417 3091 1552 3144 saxum.

651 3194 655 3245 Ι
859 3205 862 3210 ,

441 3272 445 3278 “
508 3297 519 3327 ¹
543 3292 600 3352 Ces
613 3291 735 3362 details,
746 3289 819 3366 jenx
829 3290 951 3348 brillans
960 3288 1035 3348 d’un
1044 3288 1136 3365 esprit
1147 3285 1192 3346 vit
1202 3302 1231 3348 et
1241 3291 1364 3362 strand,
1376 3297 1501 3354 seratam

464 3390 502 3448 de
518 3401 587 3466 trop
605 3401 635 3448 et
649 3376 722 3448 liors
739 3388 776 3447 de
791 3389 874 3466 place
891 3387 965 3446 daus
980 3408 1040 3448 une
1056 3387 1210 3446 namstiou
1224 3390 1388 3470 historique
1404 3413 1412 3450 :
1429 3397 1501 3452 mais

464 3487 539 3546 dans
556 3506 614 3546 nne
630 3485 784 3544 corretion
797 3485 969 3556 subulcum,
985 3485 1020 3543 ils
1033 3485 1158 3562 plaisent
1172 3489 1307 3548 d’autent
1321 3491 1408 3564 plns,
1422 3509 1499 3567 que,

464 3603 522 3662 par
538 3582 678 3642 l'illusion
696 3583 857 3660 poetique,
874 3583 909 3641 ils
922 3584 1047 3644 rendeut
1063 3585 1165 3646 visible
1178 3600 1208 3646 et
1224 3608 1261 3648 en
1276 3590 1404 3666 quelque
1422 3602 1501 3650 sorte

466 3687 526 3742 recl
536 3705 568 3742 ce
581 3685 634 3762 qui
644 3685 718 3742 n’est
731 3683 971 3762 qu'imaginaire‚
985 3695 1014 3742 et
1026 3683 1159 3742 donnent
1170 3687 1187 3744 d
1197 3687 1225 3744 la
1236 3686 1337 3744 fiction
1349 3687 1416 3744 l'sir
1424 3685 1461 3744 de
1473 3687 1501 3744 Ιι

467 3784 560 3842 etrite
574 3785 678 3840 meme.

512 3899 525 3926 ¹
547 3893 706 3968 llclliquiar
717 3891 895 3950 Phaetonta.
912 3893 953 3950 Le
969 3891 1078 3969 pluriel
1094 3905 1138 3952 est
1154 3895 1210 3951 mis
1224 3914 1305 3971 pour
1318 3897 1345 3956 le
1362 3894 1503 3976 singuline

468 4010 524 4070 per
537 4009 594 4050 une
606 3990 713 4052 liceoce
725 3983 974 4056 calcenone
985 3993 1026 4053 les
1036 3993 1139 4070 poetes
1151 3994 1248 4055 latins·

437 4257 442 4264 ·
507 4241 528 4275 Os
