3220 5330
468 621 517 696 68
590 637 678 695 uns
705 609 1144 692 ndnauonruosts
1171 634 1400 717 uaovrns,

644 813 758 890 XXI.
783 815 829 888 Ῑο
845 813 947 914 Argi
969 815 1147 890 custodite
1168 818 1323 894 tradita.

422 979 436 1002 ⁸
512 975 711 1052 Puumon
724 973 879 1073 donate,
894 993 975 1051 nou
991 978 1165 1076 protinus
1178 981 1287 1056 exuit
1302 1006 1455 1060 omnem

463 1107 563 1184 Diva
574 1119 721 1184 metum
741 1137 750 1182 ε
769 1108 976 1207 timuitque
991 1109 1145 1210 Jovem,
1161 1125 1199 1188 et
1210 1111 1285 1188 fixit
1297 1115 1412 1192 anxis
1426 1087 1528 1190 furti
1537 1145 1550 1212 ;

462 1241 591 1316 Donec
603 1237 830 1320 Arestoridae
846 1238 1069 1314 servandam
1086 1241 1242 1316 tradidit
1257 1241 1367 1342 Argo.

462 1367 625 1444 centum
641 1365 856 1442 luminibus
869 1366 1039 1441 cacam
1055 1379 1167 1466 caput
1179 1369 1301 1468 Argu
1314 1345 1502 1448 haunt}

460 1497 555 1574 Inde
571 1496 649 1572 suis
664 1495 815 1570 vicibus
831 1495 1028 1593 capiebant
1042 1495 1133 1570 bina
1149 1498 1315 1596 quietem
1332 1527 1340 1574 :

459 1632 601 1706 Cretera
616 1631 833 1724 servabant,
851 1640 965 1725 atque
981 1628 1023 1701 in
1040 1626 1199 1703 statione
1215 1631 1431 1708 manebant.

460 1761 686 1839 Constiterat
702 1735 943 1856 quocumque
956 1753 1089 1853 modo,
1105 1757 1290 1853 spectabat
1306 1756 1353 1834 ad
1369 1757 1411 1833 lo
1427 1784 1436 1832 :

460 1895 559 1968 Ante
574 1891 703 1966 oculos
719 1891 761 1964 Io
777 1895 801 1986 ¹,
820 1889 997 1986 quamvis
1012 1887 1379 1986 aversus,habebat,
1571 1867 1582 1876 ’

458 2025 561 2098 Luce
577 2030 591 2059 ⁸
608 2020 701 2094 sinit
715 2017 816 2117 pasci
834 2045 842 2091 :
862 2018 951 2090 cum
968 2015 1031 2090 Sol
1046 2016 1182 2091 tellure
1197 2020 1268 2093 sub
1284 2019 1358 2093 alta
1371 2031 1444 2119 est,

388 2193 394 2208 ·
452 2151 627 2249 claudit,
643 2162 680 2226 et
695 2148 851 2247 indigno
867 2145 1077 2224 circumdat
1092 2149 1248 2225 vincula
1260 2151 1357 2226 eollo
1370 2149 1398 2228 ⁸.

404 2327 414 2350 .
457 2277 671 2356 Fraudibus
684 2277 873 2373 arbuteis,
892 2288 930 2351 et
945 2277 1071 2350 amard
1086 2253 1252 2375 pascitur
1267 2278 1386 2356 herbt
1403 2311 1411 2356 :

456 2409 606 2506 Proque
622 2416 724 2501 toro,
738 2413 868 2499 teme,
887 2391 968 2476 non
980 2427 1128 2501 semper
1142 2429 1296 2503 gramen
1308 2406 1488 2507 habenti,

505 2541 616 2616 cubat
632 2533 769 2610 infelix
778 2565 789 2631 ;
807 2533 1193 2632 limosaqueflumina
1211 2550 1328 2636 potat.

504 2699 527 2744 a
541 2669 654 2744 etiam
671 2665 833 2766 supplex
848 2663 947 2763 Argo
963 2665 1053 2738 edm
1070 2665 1224 2742 brachia
1238 2667 1353 2743 vellet

458 2779 649 2896 Tendere3
668 2823 748 2874 non
764 2796 917 2892 habuit,
933 2819 1020 2894 quoe
1035 2797 1190 2872 brachia
1205 2798 1377 2878 tenderet
1392 2801 1490 2899 Argo
1509 2831 1517 2878 :

458 2935 675 3030 Conatoque
691 2929 802 3028 queri
817 2927 984 3026 mugitus
1000 2927 1119 3003 edidit
1135 2955 1200 3006 ore
1216 2960 1225 3007 ε

457 3061 735 3161 Pertimuitque
749 3083 861 3134 sonos
878 3059 1108 3159 propritque
1124 3064 1303 3138 extenita
1317 3089 1412 3139 voce
1428 3077 1493 3140 est.

507 3191 624 3298 Venit
639 3201 676 3266 et
691 3186 737 3262 ad
755 3187 875 3286 ripas,
894 3187 964 3262 ubi
979 3187 1112 3264 ludere
1127 3217 1225 3288 saepe
1241 3190 1398 3289 solebat,

460 3315 657 3398 Inachidas
672 3317 774 3416 ripas
794 3345 803 3391 ε
821 3342 997 3414 novaque
1015 3329 1060 3391 ut
1076 3319 1272 3417 conspexit
1286 3317 1328 3392 in
1345 3317 1452 3424 undd

460 3453 629 3552 Cornua,
648 3451 865 3560 pertimuit,
881 3477 995 3549 seque
1008 3463 1201 3526 extemata
1213 3450 1361 3550 refugit.
1490 3437 1494 3444 ’

458 3585 595 3662 Naides
607 3586 801 3684 ignorant,
816 3585 964 3683 ignorat
975 3594 1014 3657 et
1025 3582 1188 3660 inachus
1204 3583 1303 3682 ipse,

505 3754 515 3784 ¹
536 3751 580 3806 La
597 3747 754 3824 repetition
771 3746 839 3806 d'Io
856 3759 901 3808 eat
917 3747 1083 3826 expressive
1098 3766 1155 3828 par
1172 3749 1201 3807 le
1216 3757 1343 3827 rapport
1358 3747 1411 3805 des
1429 3763 1497 3810 sons

450 3863 532 3903 areo
541 3844 668 3922 l'image.

504 3945 626 4010 'Lucra
639 3939 845 4012 o'est·i·dire,
859 3939 994 4000 samad.

502 4035 517 4074 ³
531 4041 676 4116 Indigno,
688 4038 847 4130 laconisme
859 4041 999 4120 poetique
1011 4061 1019 4098 ε
1032 4042 1106 4102 eada
1118 4043 1237 4100 vineata
1250 4059 1310 4102 non
1321 4039 1450 4108 mercae*-
