3220 5330
438 592 486 667 58
543 609 632 666 nus
661 583 1105 700 uirauonrnosns
1135 611 1363 689 n’owua,

327 841 330 850 ¹
438 758 677 854 Exeuntem,
692 769 805 855 atque
820 757 1002 832 humeros
1017 755 1150 830 innato
1165 757 1311 832 murice
1327 769 1492 858 tectum,

440 887 655 962 Caeruleum
667 885 824 961 Tritona
838 898 948 961 vocat
965 915 972 960 :
988 885 1217 985 conchaeque
1235 888 1360 960 sonaci
1548 861 1552 868 ’

440 1019 629 1116 Inspirare
644 1019 766 1116 jubet3
781 1019 995 1117 fluctusque
1011 1030 1050 1094 et
1064 1019 1226 1094 flumina
1242 1018 1347 1119 signo

440 1151 527 1224 Jam
539 1175 716 1224 revocare
730 1149 829 1225 dato.
849 1149 948 1224 Cava
964 1149 1125 1224 buccina
1140 1150 1306 1226 sumitur
1322 1147 1380 1224 illi

441 1277 597 1352 Tortilis
611 1286 635 1376 ¹,
655 1279 832 1356 inlatum
849 1305 935 1378 quae
951 1279 1107 1356 turbine
1120 1281 1253 1355 crescit
1267 1281 1315 1354 ab
1331 1281 1413 1355 imo
1430 1309 1439 1355 :

442 1409 627 1506 Buccina,
644 1435 730 1507 quae
746 1408 871 1482 medio
885 1409 1056 1507 concepit
1072 1420 1116 1483 ut
1128 1415 1212 1484 atim
1227 1422 1345 1508 ponto
1359 1417 1392 1508 ⁸,

442 1541 571 1616 Litora
586 1567 678 1616 voce
694 1542 829 1639 replet,
845 1543 916 1616 sub
929 1553 1091 1641 utroque
1106 1540 1265 1640 jacentia
1280 1539 1438 1616 Phoebo.

442 1675 545 1751 Tum
565 1701 734 1775 quoque,
749 1687 795 1750 ut
813 1703 881 1750 om
895 1677 966 1752 Dei
981 1674 1135 1753 madida
1149 1673 1316 1750 rorantis
1326 1669 1445 1746 barbi

428 1808 629 1906 -Contigit,
643 1819 682 1884 et
696 1807 833 1883 cecinit
847 1810 968 1906 jussos
983 1808 1112 1884 inflata
1127 1816 1316 1904 receptus,

443 1940 634 2014 Omnibus
650 1936 778 2030 audita
793 1952 848 2013 est
863 1939 1009 2014 telluris
1026 1949 1063 2014 ot
1077 1937 1242 2037 aequoris
1256 1931 1371 2008 undis
1389 1963 1397 2007 :

444 2070 494 2144 Et
509 2072 648 2168 quibus
665 2083 721 2146 est
735 2072 850 2147 undis
867 2072 1014 2170 audita,
1029 2071 1195 2148 coercuit
1206 2093 1348 2144 omnes.

445 2205 529 2278 Jam
545 2228 649 2278 mare
664 2201 754 2276 litus
768 2203 884 2280 habet
901 2206 1058 2304 :plenos
1075 2204 1173 2302 capit
1188 2201 1317 2276 alveus
1335 2221 1494 2273 amnes}

444 2335 622 2410 Flumina
637 2337 839 2412 subsidunt
856 2367 863 2412 :
879 2339 988 2412 colles
1005 2337 1110 2412 exire
1124 2336 1317 2411 videntur.

444 2467 572 2566 Surgit
587 2469 731 2544 humus
747 2500 755 2545 :
771 2483 946 2545 crescunt
959 2471 1041 2546 loca
1058 2469 1356 2546 decrescentibus
1371 2461 1502 2552 undis.

444 2597 608 2696 Postque
619 2599 721 2676 diem
734 2601 880 2700 longam
897 2601 1038 2678 nudata
1053 2603 1249 2678 cacumina
1264 2601 1369 2675 silvae
1386 2597 1400 2637 ³

445 2727 678 2828 Ostendunt,
693 2729 906 2828 limumque
922 2740 1053 2832 tenent
1068 2731 1111 2803 in
1124 2729 1260 2804 fronde
1275 2729 1466 2804 relictum.

446 2855 628 2966 Redditus
645 2859 747 2933 orbis
763 2870 863 2932 erat:
880 2883 996 2955 quem
1012 2868 1096 2955 post
1112 2857 1227 2954 quam
1244 2853 1344 2930 vidit
1360 2856 1535 2954 inanem,

326 3062 328 3070 ,
446 2991 495 3064 Et
510 2993 690 3070 desolatas
706 3020 810 3093 agere
827 2991 900 3067 alta
915 2992 1064 3066 silentia
1075 3002 1214 3089 terras,

444 3125 674 3224 Deucalion,
689 3125 865 3224 lacrymis
882 3125 934 3198 ita
950 3125 1135 3224 Pyrrham
1152 3123 1288 3198 affatur
1303 3125 1458 3200 obortis.

445 3258 480 3330 0
498 3259 622 3330 soror!
643 3253 846 3352 doonjux!
867 3253 913 3330 6!
932 3251 1073 3330 femina
1090 3253 1166 3327 sola
1181 3265 1385 3352 superstes,

489 3474 499 3504 ¹
527 3473 658 3542 Tortilis,
673 3471 766 3549 quise
780 3475 924 3532 recourbe
937 3493 973 3531 en
987 3474 1093 3550 spirale
1106 3494 1159 3534 sur
1173 3475 1345 3533 elle-mdme.
1358 3473 1487 3531 Turbine

447 3569 486 3626 ab
501 3570 572 3637 imo,
581 3569 810 3637 c’estd-direao
817 3571 881 3625 imd
881 3583 972 3646 pane
980 3571 1120 3641 buccinoe,
1129 3591 1197 3646 qme
1206 3583 1248 3628 est
1257 3572 1349 3627 instar
1357 3571 1486 3627 turbinis.

489 3671 501 3699 ¹
527 3664 663 3742 Concepit
680 3671 751 3724 odra
760 3707 770 3735 ,
791 3665 992 3734 c'est-d-dire‚
1010 3668 1121 3743 accepit
1132 3665 1243 3746 flatum
1261 3685 1298 3721 ac
1314 3667 1445 3742 spiritum
1464 3665 1485 3719 ἁ

449 3766 574 3824 Tritone.

486 3858 499 3897 ³
521 3863 607 3920 Diem
623 3881 702 3938 pour
719 3875 840 3938 ternpus.
864 3867 904 3921 (le
926 3863 1088 3921 substantii
1103 3863 1213 3921 misen
1231 3880 1321 3940 genre
1339 3859 1482 3929 seminia,

445 3961 557 4040 signifie
579 3982 617 4020 en
635 3961 734 4020 bonne
756 3961 867 4020 latinus
890 3982 932 4020 un
954 3975 1048 4040 temps
1068 3963 1198 4024 indefini.
1223 3965 1304 4021 Cette
1326 3979 1483 4038 remsrque

444 4059 662 4136 grammaticale
678 4070 721 4116 est
734 4058 821 4135 digne
835 4057 1020 4117 d’sttention.
