3220 5330
436 527 484 600 32
542 514 630 593 nus'
658 507 1110 591 uirsuonruosus
1136 481 1367 608 urovrcu,

436 691 817 782 Sternuntunsegetes
829 737 840 778 ,
854 691 893 754 et
906 675 1099 776 deplomta
1107 675 1249 756 ‚coloni'

436 827 532 902 Vota
541 828 664 924 jacent
679 826 688 856 ¹
701 815 903 920 plongique
916 813 1022 888 labor
1034 812 1134 912 perit
1145 813 1278 896 irritus
1289 811 1393 888 anni.

483 951 671 1032 Necccelo
684 957 859 1024 contenta
871 969 940 1019 suo
951 944 1057 1020 Jovis
1069 945 1147 1019 ira:
1163 945 1227 1020 scd
1241 943 1352 1020 illum

436 1085 629 1165 emmens
644 1081 759 1156 trater
773 1079 882 1174 juvat
895 1074 1145 1150 auxiliaribus
1158 1073 1273 1148 undis
1287 1083 1312 1150 ¹.

349 1289 350 1294 ,
435 1215 627 1292 Convocat
637 1207 703 1284 hic
713 1231 842 1282 amnes
859 1233 867 1277 ε
883 1204 952 1301 qui
965 1183 1049 1300 post
1060 1203 1176 1301 quim
1189 1216 1285 1278 tecte
1295 1200 1453 1302 tyranni

436 1341 632 1426 intravere
644 1337 725 1434 sui;
740 1333 828 1430 Neu
841 1344 896 1408 est
911 1331 1126 1408 hortamine
1138 1333 1248 1432 longo

436 1475 568 1570 Nunc,
581 1471 651 1566 sit,
664 1465 852 1542 utendum
866 1490 875 1537 :
890 1463 990 1538 vires
1005 1460 1188 1537 effimdite
1203 1473 1354 1538 vestras.

436 1603 499 1678 Sic
510 1625 605 1700 opus
617 1607 673 1672 est
688 1623 696 1669 :
711 1591 852 1692 aperite
864 1587 997 1664 domos
1013 1615 1021 1664 :
1035 1615 1097 1688 sc,
1113 1589 1212 1665 mole
1225 1591 1387 1689 remoti,

437 1728 677 1809 numnius
689 1721 825 1798 vens
839 1731 933 1794 tons
948 1719 1331 1796 immunitum.
1501 1693 1504 1700 '

484 1863 650 1938 Iusserat
667 1884 675 1930 :
696 1853 741 1929 hi
755 1850 933 1945 redeunt,
949 1875 992 1922 ec
1004 1846 1173 1924 fontibus
1186 1875 1252 1924 ora
1265 1849 1455 1950 relaxant,

436 1997 485 2070 Et
496 1993 689 2070 defrenato
700 1987 914 2062 volvuntur
929 1985 973 2058 iu
986 2007 1138 2082 equora
1149 2007 1278 2059 cursu.

437 2127 522 2226 lpse
536 2122 701 2200 tridente
716 2143 786 2194 suc
800 2130 940 2192 terrum
955 2115 1137 2214 percussit
1153 2144 1161 2192 ε
1176 2127 1214 2191 ct
1225 2115 1289 2192 illa

438 2253 659 2349 Intremuit,
674 2261 857 2346 motuque
869 2245 976 2320 sinus
988 2243 1159 2344 patefecit
1170 2272 1367 2344 equarum.

437 2383 651 2482 Exspatiata
662 2390 785 2454 ruunt
796 2389 864 2475 per
875 2388 1022 2474 apertos
1035 2377 1195 2452 flumina
1206 2403 1354 2478 campos
1364 2409 1375 2477 3

438 2517 612 2613 Cumque
624 2511 711 2588 setis
723 2509 875 2584 arbusta
887 2509 1020 2607 simul,
1036 2507 1292 2608 pecudesque,
1307 2511 1506 2614 virosque,

437 2647 644 2748 Tectaque,
659 2669 823 2743 cumque
835 2645 913 2719 suis
925 2645 1080 2744 rapiunt
1091 2645 1295 2744 penetralis
1306 2646 1429 2738 sacris.

438 2779 479 2857 si
490 2771 567 2878 quc
577 2750 715 2852 'domm
728 2776 887 2872 mansit,
900 2773 1101 2874 potuitque
1116 2775 1285 2850 resistere
1298 2787 1402 2850 tanto

439 2905 626 3002 Indejecta
638 2902 759 3000 mulo;
775 2901 929 2978 culmen
945 2914 1072 2978 tamen
1087 2903 1198 2978 altior
1211 2902 1328 3001 hujus

440 3033 551 3112 Unda
563 3033 669 3132 tegit,
684 3055 895 3130 pressaeque
909 3031 1036 3106 labant
1049 3031 1120 3104 sub
1132 3030 1275 3131 gurgite
1290 3043 1426 3122 turres.

438 3168 598 3265 Jamque
609 3191 713 3242 mere
726 3175 764 3238 et
778 3161 891 3238 tellus
902 3162 1055 3238 nullum
1067 3161 1270 3238 discrimen
1282 3149 1472 3240 habebant
1487 3197 1498 3244 ε

439 3301 580 3378 Omnia
591 3312 732 3400 pontus
747 3310 855 3372 erent
871 3327 879 3372 :
895 3298 1050 3372 deerant
1063 3323 1215 3398 quoque
1231 3297 1356 3372 littora
1368 3311 1504 3396 ponto,

488 3433 657 3526 Occupet
668 3427 733 3501 hic
744 3425 877 3501 collem
894 3454 902 3500 :
917 3425 1051 3524 cymbt
1067 3424 1169 3500 sedet
1181 3423 1274 3500 ulter
1287 3421 1451 3523 adunci,

354 3557 368 3580 ⁶
439 3557 487 3634 Et
498 3555 606 3633 ducit
619 3583 742 3633 remos
756 3557 854 3653 illic,
869 3558 938 3631 ubi
954 3581 1079 3654 nuper
1090 3568 1223 3630 araret.

484 3727 493 3758 ¹
517 3723 573 3781 Les
591 3741 681 3782 voeux
697 3719 748 3780 des
765 3721 963 3792 hbcureurs,
980 3721 1178 3800 c'est-t-dire,
1194 3721 1370 3800 l’espercuce
1385 3723 1480 3784 d'uue

439 3819 549 3880 recclte
565 3817 745 3878 mordente.

482 3923 497 3954 ⁸
521 3917 675 3976 Coeruleus.
689 3917 738 3974 Ou
748 3914 849 3973 donne
860 3925 934 3974 cette
946 3915 1072 3993 epithete
1083 3915 1099 3972 i
1109 3915 1263 3992 Neptune,
1275 3917 1293 3976 t
1304 3935 1390 3976 muse
1401 3917 1437 3976 de
1449 3916 1483 3976 lt

439 4017 563 4078 couleur
575 4015 626 4077 des
639 4033 714 4076 esur
726 4015 763 4079 de
774 4014 803 4077 lt
815 4033 878 4074 mer
888 4055 896 4084 ,
908 4013 982 4074 dont
995 4014 1016 4072 il
1027 4013 1108 4100 ursit
1119 4013 1262 4100 l’empite.
