3180 5358
440 591 525 706 '150
568 611 653 699 eps
682 583 1117 666 ueeiuoapnosns
1150 609 1377 683 memnii,
1567 669 1568 720 Ν

498 757 608 830 Luna
619 743 751 854 quater
764 727 903 850 junctis
917 755 1090 854 implerat
1102 719 1282 830 cornibus
1295 759 1427 830 orbem
1442 785 1453 848 3
1567 789 1568 804 1

450 887 530 962 Illae
545 914 750 984 moresne,
766 913 854 960 nem
871 913 1014 960 morem
1028 885 1165 960 fecerat
1176 913 1286 980 usuc,

449 1019 670 1116 Plangerem
686 1017 866 1092 dederent
884 1046 891 1092 :
907 1023 928 1092 ὲ
942 1017 1028 1116 quis
1041 1017 1226 1091 Phafitusa
1241 1039 1414 1090 summm

452 1154 637 1250 Maxima,
653 1155 741 1227 clun
757 1154 868 1228 vellet
883 1165 992 1228 terrae
1008 1155 1273 1252 procumbere,
1288 1163 1420 1250 questa
1434 1161 1488 1223 est
1529 1203 1536 1224 t

450 1285 659 1382 Diriguisse
673 1284 785 1382 pedes
803 1313 811 1357 :
827 1283 871 1357 ad
890 1310 1003 1381 quam
1018 1295 1149 1356 conata
1163 1285 1294 1355 venire

450 1414 618 1488 Candida
630 1412 842 1511 Lampetie,
858 1411 980 1484 subite
993 1409 1117 1484 radice
1130 1419 1274 1482 retenta
1287 1419 1353 1482 est

374 1555 377 1562 '
435 1541 594 1646 Tertia,
610 1545 698 1616 cum
711 1542 856 1614 crinem
870 1525 1046 1630 manibus
1058 1540 1200 1613 laniare
1212 1543 1360 1637 peraret
1368 1597 1378 1634 ,

448 1673 590 1772 Avellit
603 1671 754 1746 frondes
771 1701 779 1744 :
794 1651 877 1744 liaec
893 1668 1019 1768 stipite
1034 1695 1146 1742 crura
1158 1666 1298 1764 teneri,

447 1802 516 1876 llla
529 1801 630 1874 dolet
645 1799 728 1873 fieri
742 1801 870 1898 longos
890 1825 957 1872 sua
969 1797 1122 1872 brachia
1135 1823 1270 1872 ramos,

449 1929 630 2027 Dumque
647 1955 689 2002 ee
702 1929 908 2024 mirantur,
924 1928 1185 2025 complectitur
1199 1928 1356 2027 inguina
1369 1937 1512 2018 cortem

448 2063 595 2160 Perque
601 2061 735 2164 gradus
743 2073 1119 2159 uterum‚pectusque
1125 2059 1380 2158 humerosque
1387 2081 1568 2152 manusque

446 2193 579 2268 Ambit
597 2221 605 2266 :
621 2205 659 2266 et
671 2195 848 2266 extabant
862 2195 1008 2266 tentum
1023 2219 1089 2266 ora
1102 2165 1272 2266 vocantia
1285 2202 1460 2265 matrem.

447 2322 551 2412 Quid
566 2323 675 2396 faciat
687 2325 829 2398 mater?
843 2325 936 2422 nisi,
951 2327 1029 2422 qul>
1042 2324 1166 2399 trahat
1180 2323 1343 2422 impetus
1357 2322 1480 2417 illam,

445 2453 531 2528 Huc
545 2467 624 2551 eet,
639 2467 751 2552 etque
764 2456 879 2530 illuc?
893 2468 947 2552 et,
962 2455 1056 2530 dum
1071 2456 1174 2553 licet,
1190 2454 1315 2529 oscula
1327 2454 1485 2552 jungat?

445 2583 532 2662 Non
548 2583 636 2656 satie
651 2566 705 2658 est
723 2613 731 2658 :
747 2586 892 2660 tmncis
905 2586 1065 2660 avellere
1079 2591 1235 2685 corpore
1248 2596 1388 2680 tentat3

397 2763 398 2768 =
443 2707 652 2794 Etteneros
667 2721 842 2795 manibus
859 2749 981 2796 ramos
995 2723 1219 2822 abrumpere
1236 2721 1403 2796 :atinde

445 2851 668 2949 Sanguinem
684 2865 856 2950 manant,
872 2867 1065 2952 tamquam
1080 2855 1128 2930 de
1140 2856 1319 2951 vulnere,
1333 2865 1462 2952 guttae.

326 3032 328 3038 .
443 2981 576 3081 Parce,
591 3009 739 3082 precer,
755 2997 893 3081 mater,
909 3011 1159 3082 quaecumque
1173 2997 1227 3058 est
1238 2983 1380 3080 saucia,
1395 2982 1540 3056 clamat:

445 3114 577 3211 Parce,
593 3141 745 3212 precor,
760 3129 934 3192 nostrum
947 3116 1112 3190 laniatur
1124 3118 1166 3190 in
1179 3117 1311 3189 arbore
1324 3137 1476 3210 corpus.

444 3239 604 3340 Jamque
618 3245 712 3320 vale.
729 3247 867 3319 Cortex
880 3245 922 3319 in
935 3249 1049 3322 verba
1064 3247 1269 3321 novissima
1281 3242 1400 3320 venit.

491 3371 584 3445 Inde
600 3373 730 3447 fluunt
741 3375 915 3472 lacrymae
934 3405 942 3450 :
958 3377 1168 3474 stillataque
1184 3377 1260 3450 sole
1274 3376 1463 3474 rigescunt

441 3498 499 3572 D'e
515 3500 627 3572 ramis
645 3499 779 3573 electra
793 3503 905 3575 novis
923 3511 928 3539 ¹
951 3532 958 3578 :
974 3505 1219 3602 qum-lucidus
1233 3505 1355 3578 amuis

428 3632 611 3738 Excipit,
626 3645 664 3707 et
676 3633 841 3706 nuribus
856 3634 975 3708 mittit
989 3635 1163 3732 gestanda
1179 3634 1335 3708 Latinis.

483 3835 493 3864 ¹
506 3829 641 3886 L'ambre
650 3841 694 3886 cst
704 3849 747 3886 un
756 3849 808 3886 suc
816 3849 974 3908 gommeux
984 3833 1036 3907 qui
1045 3831 1168 3890 ‹leceule
1176 3833 1213 3889 de
1223 3833 1347 3902 certatus
1356 3831 1476 3914 urbm,

441 3928 535 4004 etqui
548 3948 577 3985 se
588 3927 686 3986 ‹lurcit
699 3929 714 3985 l
728 3929 793 3986 l’air
806 3951 846 3987 ou
861 3951 916 4006 par
928 3933 955 3988 la
968 3932 1117 3990 lralcheur
1130 3935 1167 3992 de
1180 3935 1255 3991 l'cau
1269 3935 1309 3991 etl
1323 3933 1341 3988 il
1357 3935 1476 4003 tumbe,

439 4027 560 4102 lorsque
575 4027 734 4086 cenchres
747 4039 813 4086 sont
827 4029 940 4104 plantes
955 4049 1007 4088 sur
1020 4031 1047 4089 le
1059 4033 1136 4089 bord
1148 4033 1238 4092 d'uuc
1250 4031 1366 4090 riviem.
