3176 5338
382 551 407 624 8
499 567 581 624 cns
608 539 1044 626 udrauonrnosas
1074 565 1307 645 n’ovrnn,

381 719 481 792 Cura
495 718 586 815 Dei3
603 717 836 817 totidemque
851 719 967 818 plagae
982 720 1117 794 tellure
1132 729 1376 818 premuntur.

380 848 555 936 Quamm
568 875 655 948 quae
670 848 794 924 media
808 863 882 948 eet,
898 827 977 927 non
990 863 1046 926 est
1061 851 1277 928 habitabilis
1292 863 1412 928 aestu:

378 977 457 1052 Nix
471 978 560 1076 tegit
575 979 648 1054 alta
662 977 757 1054 duas
773 987 781 1018 ¹
796 1007 805 1054 :
820 979 978 1056 totidem
994 982 1096 1057 inter
1108 995 1311 1081 utramque
1322 980 1481 1078 locavit3

378 1107 691 1208 Temperiemque
706 1109 830 1209 dedit,
846 1113 969 1188 mixti
983 1139 1071 1190 cum
1088 1113 1228 1213 frigore
1242 1114 1417 1192 flammd..

800 1304 849 1380 V.
873 1308 998 1382 Venti.
1107 1411 1109 1418 Ι
1140 1297 1145 1306 ’

425 1501 640 1584 lumem
655 1499 717 1574 his
731 1505 816 1575 aer:
835 1500 924 1600 qui,
940 1505 1084 1600 quanto
1097 1515 1154 1577 est
1165 1503 1333 1602 pondere
1344 1513 1458 1578 terrae

376 1632 532 1708 Pondus
547 1657 655 1730 aquae
670 1630 815 1728 levius,
831 1633 936 1708 tanto
949 1644 1004 1707 cst
1017 1634 1212 1710 onerosior
1226 1633 1318 1734 igni.

375 1761 458 1838 Illic
474 1775 512 1838 et
526 1763 700 1862 nebulas,
715 1761 794 1838 illic
810 1762 1011 1864 consistere
1025 1766 1148 1840 nubes

374 1897 398 1972 J
398 1895 493 1972 ussit
500 1956 515 1994 ,
527 1908 564 1972 et
577 1895 763 1972 humanas
778 1907 929 1970 motura
942 1897 1113 1972 tonitruo
1124 1907 1290 1992 mentes,

374 2029 526 2104 Etcum
539 2029 766 2107 fulminibus
782 2027 957 2104 facientes
973 2027 1271 2127 frigorarentos.

374 2157 444 2232 His
457 2185 609 2258 quoque
624 2186 705 2236 non
718 2159 855 2259 passim
871 2158 1009 2236 mundi
1026 2159 1225 2236 fabricator
1240 2152 1462 2234 habendum

372 2286 471 2365 Aera
486 2285 658 2386 permisit
674 2315 681 2360 :
699 2285 770 2362 vix
783 2311 888 2361 nunc
900 2286 1096 2368 obsistitur
1108 2286 1203 2385 illis,

374 2421 472 2496 cum
485 2447 553 2495 sua
565 2422 727 2518 quisque
742 2431 869 2518 regant
885 2418 1035 2495 diverso
1050 2418 1204 2496 flamina
1219 2425 1362 2510 tractu,

375 2554 483 2643 Quin
495 2553 641 2630 lanient
656 2552 866 2650 mundum3
883 2565 987 2628 tanta
1003 2564 1059 2628 est
1075 2549 1262 2626 discordia
1277 2545 1453 2624 flamen.

374 2685 500 2763 Eurus
512 2685 559 2762 od
572 2687 758 2762 Auroram
771 2684 1047 2783 Nabathaeaque
1059 2708 1173 2792 regna
1184 2681 1353 2780 recessit,

373 2815 616 2916 Persidaque,
631 2827 670 2890 et
683 2814 798 2890 radiis
811 2817 898 2912 juga
909 2812 1061 2888 subdita
1074 2811 1284 2888 matutinis.
1413 2869 1416 2876 .

373 2947 533 3048 Vesper,
551 2960 588 3024 et
604 2947 761 3024 occiduo
779 2973 865 3046 quae
881 2946 992 3020 litora
1006 2945 1090 3020 Sole
1102 2955 1316 3043 tepescunt,

372 3076 551 3150 Proxima
564 3087 654 3152 sunt
666 3075 844 3174 Zephyro
859 3103 867 3150 :
884 3073 1077 3174 Scythiam
1093 3073 1317 3173 Septemquc
1328 3055 1472 3158 triones

372 3205 546 3283 Horrifer
559 3205 701 3280 invasit
714 3205 850 3280 Boreas
866 3233 874 3280 :
890 3202 1079 3280 contraria
1089 3203 1200 3278 tellus

369 3335 545 3412 Nubibus
556 3334 733 3434 assiduis,
750 3335 959 3444 pluyioque
972 3331 1151 3408 madescit
1164 3335 1211 3408 ab
1223 3333 1377 3408 Austro.
1450 3431 1453 3437 ἱ

370 3463 462 3539 Haec
478 3489 591 3564 super
607 3461 788 3562 imposuit
803 3460 1014 3562 liquidum,
1030 3473 1068 3536 et
1082 3461 1261 3560 gravitate
1279 3449 1488 3552 carentem,

371 3592 549 3689 AEthera,
565 3616 636 3665 noc
649 3589 854 3690 quicquam
866 3601 1027 3664 terrenae
1039 3588 1140 3664 faecis
1154 3587 1370 3666 habentem.

415 3773 425 3805 ¹
438 3861 439 3864 Ἴ
450 3770 503 3828 Cet
512 3769 681 3828 hdmistiche
692 3781 735 3827 est
742 3769 883 3846 poetique
889 3788 946 3845 par
955 3787 1010 3828 son
1020 3771 1149 3829 extreme
1157 3770 1323 3830 concisiori:
1336 3771 1410 3830 mais

369 3873 398 3929 le
411 3888 479 3928 vers
491 3867 545 3946 qui
557 3867 683 3944 precede
700 3879 743 3926 est
755 3866 829 3924 d’nn
841 3875 1003 3943 prosaisme
1016 3867 1070 3944 qui
1085 3887 1123 3926 ne
1140 3867 1228 3927 serait
1241 3886 1294 3944 pas
1307 3879 1409 3927 sonte·

369 3967 457 4028 noble
469 3986 505 4025 en
517 3965 653 4043 henosis.
668 3965 692 4022 11
703 3966 761 4022 m'e
773 3965 846 4025 sellu
858 3965 991 4027 embellir
1004 3965 1041 4026 de
1053 3967 1182 4054 quelque
1194 3965 1293 4043 poesie
1306 3965 1413 4024 l'exac«

370 4064 465 4124 titnde
476 4061 701 4144 didsctiqnedu
714 4073 801 4122 terte.
1077 4059 1081 4068 '
