3180 5358
439 527 534 600 -148
572 541 663 597 ass
691 511 1127 596 ndrnnonruoses
1158 540 1383 618 n’ovmu,

507 684 579 757 Hic
593 684 686 757 situs
700 695 754 758 est
767 681 952 778 Phaeton,
967 682 1103 758 curnis
1116 687 1243 782 auriga
1254 684 1420 784 petemi3
1559 767 1560 808 1

360 903 361 906 ¹
458 814 717 904 Quemsinon
731 813 871 910 tenuit,
887 815 1028 910 magnis
1045 827 1172 889 tamen
1188 817 1330 892 excidit
1344 816 1452 890 ausis.
1559 855 1560 888 ι

443 964 450 980 ⁸
511 995 595 1068 IX.·
610 997 833 1068 Phoa'tontis
848 1020 988 1068 somres
1006 998 1045 1068 in
1062 1000 1211 1071 arbores
1228 1013 1432 1072 mutantur.

480 1146 485 1158 ⁴
502 1172 610 1248 ΝΛΜ
624 1183 729 1269 pater
741 1171 939 1270 obductos,
955 1173 1063 1246 luctu
1077 1175 1299 1250 miserabilis
1313 1201 1427 1280 aegro,

453 1305 679 1382 Condiderat
690 1305 820 1378 vultus
839 1333 847 1379 :
863 1317 917 1400 et,
933 1304 1091 1378 simodo
1106 1307 1312 1402 credimus,
1328 1333 1449 1380 unum

449 1441 524 1515 Isse
540 1439 641 1513 diem
654 1438 735 1510 sine
752 1433 834 1508 Sole
850 1433 979 1508 ferunt
995 1463 1003 1508 :
1020 1433 1194 1508 incendia
1205 1436 1336 1511 lumen

448 1567 668 1650 Praebebent
676 1593 687 1660 3
702 1561 913 1658 aliquisque
924 1559 1024 1633 malo
1038 1560 1114 1635 fuit
1125 1589 1217 1636 usus
1230 1564 1272 1636 in
1285 1565 1364 1637 illo.

497 1665 739 1794 At'Clymene
752 1703 836 1788 post
846 1690 963 1786 qulun
977 1688 1094 1784 dixit,
1111 1717 1362 1790 quaecumque
1375 1691 1516 1766 fluerunt

386 1843 389 1850 ’
447 1831 493 1904 In
506 1828 618 1902 tentis
634 1823 793 1899 dicenda
805 1819 931 1917 malis,
949 1820 1120 1918 lugubris
1135 1833 1172 1894 et
1183 1849 1311 1897 amens
1327 1831 1351 1921 ¹,

447 1959 493 2030 Et
503 1927 641 2030 laniata
656 1953 780 2046 sinus,
796 1961 919 2023 totum
932 1949 1147 2046 percensuit
1162 1954 1292 2026 orbem
1305 1984 1316 2048 3

444 2088 719 2180 Exanimesque
732 2091 835 2154 artus
851 2078 993 2176 primo,
1010 2105 1102 2154 mox
1115 2079 1197 2156 ossa
1210 2083 1426 2181 requirens,

443 2211 596 2312 Reperit
611 2185 691 2284 ossa
703 2221 831 2282 tamen
846 2207 1041 2307 peregrine
1056 2209 1207 2283 condita
1219 2212 1315 2310 ripsl.

440 2343 694 2439 Incubuitque
708 2338 789 2412 loco
807 2367 814 2412 :
830 2363 1046 2436 nomenque
1060 2340 1103 2413 in
1117 2367 1303 2418 marmore
1315 2344 1452 2418 lectum

439 2461 612 2550 Perfudit
625 2468 818 2566 lacrymis,
834 2481 872 2542 et
887 2481 1015 2565 aperto
1028 2483 1177 2566 pectore
1193 2472 1301 2548 fovit.

486 2606 562 2680 Neo
578 2598 891 2701 minirsHeliades
905 2598 1034 2696 fletus,
1050 2612 1104 2698 et,
1120 2601 1249 2675 inania
1261 2603 1378 2676 morti

439 2737 615 2830 Munera,
630 2732 722 2805 dant
737 2729 919 2826 lacrymas
937 2758 945 2803 τ
961 2741 998 2802 et
1010 2756 1113 2804 caesoe
1127 2723 1276 2830 pectere
1290 2734 1444 2832 palmis,

435 2869 521 2946 Non
535 2835 759 2942 auditurum
774 2860 926 2934 miseras
940 2860 1176 2936 Phaethonta
1191 2863 1359 2960 querelas

437 3001 552 3074 Nocte
565 2969 702 3092 dieque
714 3001 850 3066 vocant
867 3019 875 3064 :
891 3001 1213 3090 asternunturque
1226 2992 1397 3090 sepulcro
1409 3003 1434 3068 ⁸-.

482 3165 492 3195 ¹
517 3161 604 3220 voitu
626 3159 694 3216 bien
718 3175 751 3215 ce
773 3155 840 3214 urei
860 3154 963 3231 simple
985 3175 1045 3232 que
1067 3168 1139 3220 veut
1161 3159 1191 3214 le
1212 3158 1412 3216 naturedem
1430 3159 1472 3217 les

440 3275 586 3332 ouvrages
596 3252 734 3329 d’esprit,
743 3265 772 3309 et
783 3252 837 3328 qui
846 3253 919 3309 n’est
930 3263 1016 3309 autre
1025 3253 1113 3311 chose
1123 3254 1235 3331 qu'une
1244 3254 1391 3313 imitation
1401 3272 1471 3330 par·
1559 3231 1560 3318 l

438 3355 509 3414 luite
521 3353 558 3409 de
570 3351 598 3408 le
611 3362 717 3408 nature
730 3352 834 3407 meme.
848 3351 925 3406 C’est
935 3369 994 3408 une
1005 3351 1092 3409 chose
1106 3371 1185 3410 assez
1196 3353 1402 3430 remarquable
1414 3371 1476 3430 que

438 3456 466 3514 la
479 3455 593 3510 naivete
602 3463 645 3509 est
655 3471 697 3508 un
708 3451 855 3507 caractere
862 3449 1049 3508 distinctilde
1058 3451 1236 3530 l’ingdnieux
1245 3433 1470 3523 evide'ttmnn

438 3571 470 3612 cc
484 3551 554 3607 trait
567 3560 596 3606 ct
608 3549 764 3624 beaucoup
775 3547 905 3604 d’autres
917 3547 960 3604 du
972 3549 1065 3606 meme
1077 3567 1175 3624 genre.
1248 3593 1251 3600 .

482 3654 495 3683 ¹
509 3651 704 3706 Astemuneur.
713 3647 753 3704 Ce
762 3647 851 3702 verbe
859 3649 998 3721 compos&
1006 3647 1042 3704 de
1052 3647 1119 3723 cinq
1129 3648 1469 3726 syllebestresdongues,

375 3763 383 3785 ⁰
440 3746 568 3822 exprime
583 3763 638 3819 par
654 3761 709 3800 son
723 3743 876 3799 harmonio
892 3741 1195 3818 imitatirel'attitude
1207 3737 1409 3802 douloureuse
1421 3745 1472 3801 des
1559 3819 1560 3828 ἵ

360 3821 365 3830 ’
439 3843 572 3902 Heliades
589 3841 728 3901 etendues
747 3859 813 3899 sens
830 3839 911 3898 t'oroe
930 3851 959 3898 ct
974 3859 1087 3902 comme
1104 3843 1245 3904 coucbees
1258 3861 1314 3901 sur
1330 3843 1358 3900 le
1372 3843 1471 3900 tumbe
1559 3843 1560 3872 ;

441 3943 477 4001 de
491 3943 631 4000 Phaeton.
