3184 5346
410 575 482 650 250
524 593 608 650 nus
638 567 1081 649 uirsuonenosns
1113 555 1342 668 norrun,

357 835 360 844 .
406 739 454 812 Et
469 741 648 838 Dromas,
665 755 702 814 et
715 740 876 836 Canace,
893 737 1101 834 Sticteque,
1117 749 1154 811 et
1167 735 1308 838 Tigris,
1325 752 1363 814 et
1376 717 1486 834 Alce,

405 873 453 944 Et
469 873 592 948 niveis
606 873 777 968 Leucon,
795 881 832 945 et
848 869 950 944 villis
964 869 1125 942 Asbolus
1141 870 1251 966 atris,

405 1001 712 1100 Praevalidusque
726 1003 871 1096 Lacon,
888 1012 926 1074 et
938 1025 1055 1074 cursu
1072 998 1180 1074 fortis
1195 1000 1323 1098 Aello,

403 1131 452 1206 Et
468 1131 620 1228 Thous,
638 1144 676 1207 et
693 1130 835 1230 Cyprio
849 1130 965 1204 velox
979 1155 1068 1204 cum
1082 1127 1198 1204 fratre
1213 1129 1390 1229 Lycisce,

403 1265 451 1340 Et
467 1265 612 1364 nigram
626 1263 752 1339 medio
769 1261 935 1338 frontem
951 1261 1154 1336 distinctus
1169 1265 1217 1338 ab
1232 1265 1319 1338 albo

402 1391 583 1492 Harpalos
596 1407 635 1469 et
646 1394 860 1491 Melaneus,
876 1393 1099 1491 hirsutaque
1113 1419 1271 1493 corpora
1284 1395 1457 1489 hohn03

401 1524 450 1598 Et
464 1537 570 1622 patre
583 1527 745 1615 Dictaeo,
764 1523 828 1598 sed
844 1536 964 1598 matre
975 1525 1162 1599 Laconide
1175 1527 1277 1620 nati,

400 1651 561 1752 Labros,
577 1663 614 1727 et
628 1651 829 1752 Agriodos,
846 1664 884 1726 et
896 1665 1016 1727 acutae
1030 1654 1134 1728 vocis
1150 1655 1351 1753 Hylactor3

400 1785 582 1884 Quosque
593 1785 734 1860 referre
749 1811 855 1859 mora
867 1796 933 1858 est.
951 1786 1003 1858 Ea
1016 1787 1128 1902 turba
1140 1785 1320 1884 cupidine
1332 1785 1467 1883 praedae

398 1915 472 1990 Per
487 1945 619 2016 rupes,
638 1918 909 2016 scopulosque,
925 1916 1108 2016 adituque
1123 1919 1289 1994 carentia
1301 1945 1407 2014 saxa,

399 2042 485 2130 Qut
498 2044 561 2118 via
575 2043 757 2143 difficilis,
774 2046 926 2142 quique
940 2059 995 2119 est
1010 2046 1075 2119 via
1088 2047 1213 2144 nullu,
1228 2045 1418 2120 feruntur.

398 2175 466 2249 Ille
479 2176 592 2278 fugit,
607 2203 676 2275 per
692 2204 779 2275 quae
793 2178 918 2252 luerat
932 2161 1123 2277 locasaepe
1136 2191 1297 2254 secutus.

397 2299 504 2378 Heu!
522 2303 682 2380 famulos
698 2305 795 2405 fugit
806 2309 888 2404 ipse
900 2311 1010 2384 suos!
1027 2311 1187 2386 clamare
1200 2311 1360 2406 libebat3

396 2435 549 2510 Actaeon
567 2461 633 2534 ego
646 2463 732 2511 sum
749 2437 975 2515 :dominum
991 2441 1200 2538 cognoscite
1213 2452 1394 2516 vestrum.

395 2565 520 2644 Verba
535 2567 664 2646 auimo
678 2571 818 2648 desunt
834 2602 843 2649 ε
858 2587 1009 2648 resonat
1024 2574 1220 2649 latratibus
1237 2575 1368 2657 aether.

396 2695 524 2803 Prima
536 2703 799 2779 Melanchaetes
813 2706 856 2779 in
872 2717 975 2804 tergo
989 2707 1151 2780 vulnere
1167 2704 1277 2800 fecit,

395 2827 574 2905 Proxima
590 2825 857 2931 'lberidamas3
875 2835 1145 2932 Oresitrophus
1162 2835 1272 2910 bresit
1287 2834 1328 2908 in
1344 2857 1467 2908 armo:

394 2963 557 3040 Tardius
570 2969 763 3068 exierant,
782 2969 845 3044 sed
861 2997 928 3069 per
942 2970 1165 3068 compendia
1178 2973 1318 3044 montis
1336 2977 1343 3006 ¹

393 3091 607 3192 Anticipata
622 3097 685 3190 via
703 3111 768 3174 est.
785 3101 997 3177 Dominum
1012 3101 1265 3176 retinentibus
1278 3101 1368 3197 illis,

393 3226 534 3300 Caetera
547 3232 658 3305 turba
672 3239 767 3331 co'it,
787 3231 1010 3334 confertque
1023 3237 1066 3309 in
1080 3221 1238 3334 'corpore
1251 3236 1392 3311 dentes.

391 3357 475 3432 Jam
488 3359 570 3434 loca
581 3363 806 3440 vulneribus
819 3367 958 3442 desunt
974 3397 982 3442 :
997 3367 1112 3467 gemit
1124 3367 1208 3465 ille,
1224 3393 1455 3466 sonumque,

393 3485 471 3558 Etsi
485 3512 564 3560 non
580 3487 767 3589 hominis,
784 3520 899 3593 quem
912 3519 992 3569 non
1006 3507 1132 3570 tamen
1147 3494 1257 3568 edere
1269 3495 1386 3593 possit

392 3617 556 3719 Cervus,
571 3622 684 3699 habet
701 3656 708 3700 :
724 3629 945 3726 moestisque
958 3629 1078 3742 replet
1090 3629 1177 3727 juga
1189 3640 1281 3702 nota
1293 3627 1476 3725 querelis,

391 3751 439 3826 Et
454 3757 610 3850 genibus
627 3759 789 3857 supplex
805 3761 958 3859 pronis,
976 3761 1188 3858 similisque
1204 3761 1368 3859 roganti,

435 3921 444 3951 ¹
467 3920 548 3978 Certe
562 3923 761 3983 circonstance
774 3913 898 3986 fortuite
911 3945 929 3986 a
943 3925 1044 3986 unuin
1058 3925 1095 3986 de
1108 3925 1201 3985 verite·
1212 3923 1267 4004 qui
1276 3925 1350 4004 platt
1360 3925 1435 3984 dans

393 4033 452 4073 une
468 4019 620 4079 narration
635 4021 797 4082 fabuleuse.
