3176 5338
389 518 436 592 rt
501 536 585 592 urs
613 507 1058 592 niranournoaus
1087 535 1320 620 u’ovms,

384 683 636 781 Contentique
651 680 765 777 cibis,
781 680 890 758 nullo
901 693 1072 782 ungente,
1091 685 1222 764 create
1230 746 1242 784 ,

383 819 569 892 Arbuteoe
582 815 715 911 foetus,
733 826 987 914 montanaque
999 815 1100 915 fraga
1114 818 1304 918 legelnnt,
1330 798 1337 812 i

382 948 599 1046 Cornaque,
615 957 653 1020 et
666 944 709 1019 in
721 943 830 1018 duris
843 943 1029 1021 haerentia
1042 975 1149 1024 mora
1161 951 1304 1027 rubetis
1318 984 1328 1048 3

351 1166 355 1176 1
380 1079 429 1152 Et
440 1077 526 1182 quia
537 1076 756 1152 deciderant
768 1074 896 1174 patula
908 1077 1014 1152 lovis
1029 1079 1162 1154 arbore
1175 1079 1337 1178 glandes.

378 1211 455 1288 Ver
471 1222 552 1288 erat
565 1221 772 1306 aternum,
788 1205 1002 1306 placidique
1017 1211 1235 1308 tepentibus
1248 1212 1352 1292 auria

377 1331 594 1417 Muleebant
608 1336 776 1436 Zephyri
790 1349 897 1414 natos
913 1338 994 1414 sine
1009 1345 1153 1414 semine
1165 1339 1287 1422 flores.
1398 1395 1402 1402 -

376 1470 471 1545 Mox
486 1473 600 1546 etiem
615 1467 740 1566 fruges
755 1465 866 1544 tellus
884 1468 1030 1546 inarata
1044 1448 1188 1551 ferebai
1204 1500 1211 1544 :

375 1605 451 1680 Nec
466 1615 669 1680 renovatus
682 1625 766 1700 ager
781 1599 946 1700 gravidis
959 1605 1115 1680 canebat
1127 1588 1264 1680 aristis.

374 1733 550 1810 Flumina
564 1734 640 1828 jam
652 1731 776 1826 laetis,
791 1732 868 1824 jam
886 1730 1048 1811 flumina
1062 1737 1224 1812 nectaris
1239 1727 1346 1814 fuant
1362 1745 1371 1777 ¹
1388 1770 1397 1815 :

373 1863 561 1960 Flavaque
573 1861 620 1938 de
633 1860 751 1938 viridi
765 1861 957 1938 stillabant
974 1864 1073 1942 illiee
1090 1865 1213 1946 mella.

609 2049 613 2060 Ι
689 2107 762 2186 ΙΧ.
788 2111 902 2188 AEtas
919 2127 1110 2212 argentea.

420 2339 521 2412 Posr
533 2335 671 2436 quim,
686 2335 850 2409 saturno
866 2340 1063 2414 tenebrosa
1078 2329 1122 2414 iu
1133 2337 1290 2416 Tartara
1305 2344 1442 2442 misso,

372 2468 450 2542 Sub
462 2468 556 2542 Jove
568 2463 737 2547 mundus
751 2479 847 2564 erat3
863 2469 983 2573 subiit
995 2483 1170 2570 argentea
1181 2471 1325 2572 proles,

370 2595 476 2671 Auro
488 2594 669 2691 detenet,
687 2589 796 2669 iidvo
812 2597 1012 2695 pretiosior
1031 2625 1116 2675 aare.
1172 2602 1176 2619 '

354 2728 543 2826 -Juppiter
559 2720 708 2824 antiqui
726 2727 917 2804 contraxit
930 2741 1101 2827 tempora
1115 2732 1216 2834 veris
1233 2762 1242 2807 :
1262 2760 1264 2768 ’

368 2859 515 2958 Perque
528 2857 691 2954 hiemes,
707 2867 914 2954 aestusque,
929 2869 966 2931 et
980 2857 1185 2958 inaequales
1200 2870 1426 2963 autumnos,

368 2988 416 3062 Et
427 2989 542 3061 breve
554 3011 643 3082 ver,
662 2983 792 3084 spatiis
805 2989 820 3021 ⁸
833 2985 956 3084 exegit
969 2999 1134 3084 quatuor
1149 3006 1322 3096 annum.¹

368 3121 470 3196 Tum
483 3121 653 3219 primiim
670 3116 777 3192 siccis
793 3123 856 3192 aiir
870 3115 1084 3194 fervoribus
1097 3099 1214 3196 ustul'

368 3247 549 3346 Canduit,
565 3260 602 3322 et
613 3247 740 3322 ventis
752 3245 883 3346 glacies
899 3248 1047 3324 astricta
1061 3249 1252 3350 pependit.

365 3379 467 3458 Tum
481 3381 651 3481 primum
664 3379 812 3454 subiere
828 3377 981 3454 domos:
999 3379 1135 3456 domus
1151 3393 1259 3456 antra
1273 3379 1458 3485 suerunt,

365 3514 414 3587 Et
429 3513 536 3587 densi
553 3511 726 3612 frutices,
742 3523 780 3586 et
790 3511 930 3587 vinctae
944 3513 1080 3588 cortice
1095 3512 1223 3614 virgoe.

408 3729 418 3761 ¹
446 3731 495 3789 On
504 3749 523 3788 a
533 3730 618 3790 tache
631 3730 669 3790 de
679 3733 855 3809 reproduire
865 3733 940 3792 deus
950 3734 979 3793 la
991 3737 1162 3801 tradautiou
1170 3739 1198 3800 h
1207 3737 1305 3801 lom
1317 3736 1402 3816 ingl·

331 3877 334 3884 .
365 3826 547 3888 uieusement
561 3832 741 3907 aymttrique
754 3831 791 3888 de
803 3832 832 3888 la
843 3834 951 3908 phrase
962 3834 1063 3894 latine.
1311 3819 1322 3844 ⁰

408 3932 422 3962 ⁸
444 3929 568 4007 Spalis&
584 3949 699 4014 etpacea
712 3933 748 3994 de
763 3945 853 4006 teme,
870 3935 992 3996 saiaoua.
