3150 5354
397 603 469 652 200
511 592 595 647 uns
625 565 1071 645 nerinorrrrosrs
1102 577 1333 652 noviore,

397 733 489 812 Fide
501 733 691 828 minister,
705 729 778 825 eit,
792 729 1003 824 jussorum,
1017 735 1123 819 nate,
1138 749 1332 820 meorum,

397 865 498 942 Pelle
511 887 676 958 moram,
692 859 876 954 solitoque
889 854 986 928 celer
999 851 1169 926 delabere
1182 879 1320 947 cursu3

399 996 571 1093 Quaequc
583 1007 688 1069 tuam
700 1001 859 1064 matrem
871 985 984 1059 tellus
995 1009 1018 1058 a
1030 994 1134 1081 parte
1149 989 1157 1016 ¹
1176 981 1327 1056 sinistri

398 1122 583 1221 Suspicit,
598 1119 783 1218 indigenae
798 1113 978 1189 Sidonida
991 1113 1148 1186 nomine
1162 1112 1314 1209 dicunt,

401 1253 509 1330 Hanc
523 1267 607 1352 pete
624 1280 632 1326 ε
647 1249 826 1350 quodque
838 1245 972 1348 procul
985 1255 1167 1320 montano
1178 1243 1346 1340 gramine
1357 1242 1467 1338 pasci

401 1382 629 1460 Armentum
643 1380 762 1478 regale
774 1376 901 1474 vides,
915 1374 961 1449 ad
975 1375 1088 1448 litora
1099 1387 1216 1449 vene.

449 1513 561 1588 Dixit
577 1539 585 1586 :
601 1524 639 1586 et
650 1509 798 1607 expulsi
810 1509 887 1604 jam
899 1505 1050 1580 dudum
1066 1519 1196 1580 monte
1207 1506 1361 1602 juvenci

403 1646 532 1723 Litora
544 1647 644 1742 jussa
655 1653 808 1743 petunt,
827 1641 896 1714 ubi
908 1639 1034 1736 magni
1046 1637 1124 1713 filia
1136 1637 1229 1735 regis

405 1776 572 1872 Ludere,
588 1775 799 1873 virginibus
812 1770 939 1872 Tyriis
952 1771 1141 1866 comitutu,
1158 1768 1307 1842 solebat.

405 1907 492 1982 Non
505 1908 601 1982 bene
613 1905 866 2000 conveniunt,
882 1903 1007 1976 necin
1020 1901 1100 1974 unzi
1112 1899 1198 1973 sede
1210 1911 1429 1997 morentur,

407 2037 577 2132 Maiestas
591 2049 628 2110 et
640 2062 758 2109 amor.
776 2033 919 2132 Sceptri
932 2031 1112 2130 grauitate
1125 2029 1271 2126 relicti,

407 2167 477 2242 Ille
492 2180 597 2264 peter
610 2179 807 2263 rectorque
820 2165 966 2261 Derim,
982 2163 1046 2237 cui
1058 2163 1191 2237 dextra
1203 2161 1367 2237 trisulcis

408 2296 562 2394 Ignibus
575 2311 715 2372 armata
727 2309 800 2396 est,
817 2300 886 2396 qui
898 2310 999 2372 nutu
1014 2296 1182 2371 concutit
1193 2297 1320 2372 orbem
1332 2354 1344 2394 ‚

409 2427 592 2503 induitur
605 2427 736 2506 faciem
749 2432 868 2506 lauri:
884 2433 1104 2529 mixtusque
1116 2429 1288 2527 juvencis
1307 2443 1310 2452 '
1408 2461 1410 2464 ·

410 2557 551 2656 Mugit,
566 2572 604 2632 et
621 2561 661 2634 in
677 2564 815 2636 teneris
830 2563 1016 2638 formosus
1029 2563 1245 2638 obambulat
1256 2562 1404 2662 herbis,

412 2689 563 2788 Quippe
575 2692 678 2764 color
691 2693 794 2766 nivis
807 2706 879 2788 est,
896 2719 1009 2790 quam
1023 2719 1093 2767 nec
1104 2691 1259 2790 vestigia
1270 2691 1360 2767 duri

412 2823 608 2897 calcavere
620 2823 743 2920 pedis,
759 2851 829 2898 nec
842 2825 955 2898 solvit
971 2825 1165 2922 aquaticus
1179 2825 1315 2897 Auster
1328 2831 1355 2899 ⁶.

413 2955 514 3030 Colla
527 2955 619 3030 toris
631 2969 779 3030 exstant
795 2985 803 3030 z
817 2957 932 3031 armis
944 2957 1103 3054 pelearia
1116 2955 1302 3054 pendent3

414 3084 564 3156 Cornua
576 3109 692 3180 parva
704 3083 879 3182 quidem3
895 3082 958 3158 sed
973 3111 1059 3182 quae
1073 3083 1299 3158 contendere
1312 3086 1431 3182 possis

413 3215 521 3291 Facta
532 3244 666 3315 manu,
682 3217 855 3317 purique
866 3217 981 3317 magis
994 3215 1189 3316 perlucida
1202 3217 1358 3315 gemini.

459 3429 468 3460 ¹
494 3431 590 3498 Maia,
604 3429 684 3486 mbre
696 3427 732 3486 de
744 3431 899 3502 Hereum,
914 3432 984 3489 etait
994 3451 1054 3490 une
1065 3433 1117 3490 des
1128 3432 1258 3491 Pleiades
1271 3432 1325 3508 qui
1334 3430 1449 3488 brillent

416 3545 458 3583 au
467 3525 547 3581 iront
561 3525 603 3581 du
615 3527 751 3583 Taureuu
764 3528 837 3586 dans
849 3529 877 3586 la
890 3530 964 3586 zdne
977 3529 1098 3589 torrido.
1113 3532 1174 3588 Elle
1190 3550 1220 3589 se
1234 3530 1335 3608 voyait
1346 3529 1449 3589 donci

416 3625 528 3704 gauche
539 3624 581 3682 du
590 3643 664 3702 pays
676 3625 713 3683 de
727 3627 828 3685 Sidon.

816 3785 1058 3864 Vtuiarrrr.

459 3953 474 3984 ⁸
496 3963 545 4010 Son
555 3961 606 4025 poll
617 3977 630 4008 ι
641 3961 662 4008 la
673 3961 803 4011 blrncbeur
814 3963 843 4013 de
854 3961 877 4012 l·
888 3965 958 4029 neige
970 3964 1071 4028 ἐμπνέω,

495 4046 547 4102 Quc
559 4043 581 4089 le
593 4044 631 4105 ple'
645 4044 685 4091 der
696 4059 792 4106 paisant
805 4047 843 4095 n'c
853 4063 896 4111 pac
906 4049 982 4098 nilne
995 4047 1114 4097 efflenrle.
