3184 5346
410 645 482 737 ²74
525 653 609 710 nes
638 619 1085 708 nirnnonrnosas
1114 635 1346 708 movme,

408 815 544 905 Quove
558 807 700 910 petitus
712 801 819 878 abis?
832 801 931 874 certe
944 819 1016 868 nec
1027 791 1169 886 forma,
1188 811 1258 862 nec
1271 796 1360 858 aetae

410 949 583 1040 Remea,
595 907 1532 1039 quamfugias3etamiruntmequoqueNymphae.

411 1083 524 1180 Spem
535 1074 635 1152 mihi
649 1069 777 1146 nescio
790 1091 906 1165 quam
920 1061 1034 1136 vultu
1049 1055 1239 1156 promittis
1253 1050 1374 1126 amieo
1381 1077 1393 1141 ;

366 1287 372 1300 ,
410 1214 584 1308 Cirmque
600 1232 666 1305 ego
677 1198 833 1303 porrexi
845 1196 918 1270 tibi
929 1191 1106 1288 brachia,
1120 1187 1279 1288 porrigis
1292 1183 1397 1256 ultro
1408 1211 1419 1276 3
1491 1176 1496 1186 “

410 1347 509 1420 Ciun
525 1340 613 1435 risi,
631 1335 775 1411 anides
795 1351 810 1405 :'
822 1331 1007 1426 lacrymas
1021 1346 1174 1424 quoque
1190 1341 1287 1416 saepe
1299 1311 1452 1406 notavi,

410 1477 473 1553 Me
484 1477 734 1572 lacrymante,
751 1479 835 1540 tuas
847 1493 854 1536 z
866 1471 970 1535 nutu
984 1481 1138 1556 quoque
1153 1455 1257 1551 signa
1267 1451 1451 1544 remittis3

411 1613 479 1709 Et,
496 1617 684 1707 quantum
701 1610 809 1674 motu
822 1594 977 1670 formosi
992 1591 1162 1688 suspicor
1177 1588 1274 1684 oris,

287 1789 292 1806 ·
411 1744 536 1819 Verba
547 1737 683 1834 refers,
696 1759 804 1809 aures
818 1756 899 1804 non
913 1725 1176 1826 pervenientia
1190 1735 1348 1796 nostras.

461 1879 510 1954 ln
525 1889 563 1949 te
575 1899 640 1972 ego
655 1895 763 1967 sum,
780 1863 881 1940 sensi
898 1893 906 1938 :
923 1885 993 1936 nec
1007 1888 1069 1936 me
1085 1885 1169 1934 mea
1181 1856 1277 1932 fallit
1289 1855 1423 1955 imago.

415 2014 516 2088 Uror
528 2034 658 2086 amore
669 2005 747 2081 mei
764 2033 773 2078 :
788 2001 958 2077 flammas
970 2021 1183 2094 moveoque
1198 1993 1366 2092 feroque.

416 2147 520 2236 Quid
528 2143 817 2238 faciamiroger,
825 2162 924 2211 anne
933 2133 1084 2236 rogem?
1094 2129 1187 2232 quid
1196 2129 1333 2204 deinde
1341 2128 1480 2226 rogabo
1490 2133 1498 2161 ⁸
1507 2127 1527 2207 '3

417 2279 530 2369 Quod
547 2277 660 2376 cupio
672 2299 824 2350 mecum
837 2283 893 2346 est
910 2271 1087 2368 :inopem
1100 2293 1162 2341 me
1178 2265 1286 2365 copia
1298 2264 1398 2340 fecit.

418 2417 452 2490 Ο
466 2415 474 2487 !
495 2410 644 2484 utinam
657 2419 787 2480 nostro
801 2401 971 2478 secedere
986 2425 1143 2500 oorpore
1159 2400 1327 2499 possem!

418 2540 769 2619 Votuminamante
775 2527 1196 2627 novum:vellem‚quod
1203 2527 1543 2626 amamue,abesset.

419 2679 579 2774 Jamque
592 2671 702 2746 dolor
713 2669 816 2744 vires
829 2665 963 2740 adimit
980 2693 988 2737 ε
1005 2689 1076 2738 neo
1087 2673 1260 2762 tempora
1274 2660 1365 2738 vitae

421 2819 547 2914 Longo
554 2837 648 2888 mere
655 2816 853 2907 superant,
869 2803 1070 2902 primoque
1083 2799 1305 2899 exstinguor
1317 2800 1361 2873 in
1372 2827 1469 2875 aevo.

422 2951 499 3025 Nec
514 2945 612 3022 mihi
622 2968 725 3018 mors
739 2940 861 3039 gravis
875 2950 949 3036 eet,
963 2938 1136 3037 posituro
1144 2947 1268 3012 morte
1280 2935 1440 3011 dolores.

424 3079 517 3179 Hic,
537 3077 606 3178 qui
621 3076 815 3174 diligitur,
834 3075 973 3148 vellem
985 3070 1209 3146 diuturnior
1221 3083 1332 3167 eeset;

426 3209 538 3286 Nune
551 3207 630 3282 duo
643 3204 847 3282 concordes
859 3203 987 3280 animi
1002 3203 1214 3280 moriemur
1229 3203 1273 3277 in
1285 3203 1376 3278 und.

474 3444 483 3474 ¹
509 3443 576 3512 Que
589 3435 729 3515 d’esprit‚
742 3458 802 3516 que
815 3437 910 3497 d'eme
925 3435 1057 3496 i-ln-ioia
1070 3437 1145 3496 dane
1156 3455 1203 3496 eea
1215 3435 1473 3514 interrogatione?

431 3545 499 3605 elles
510 3543 675 3620 expriment
687 3561 728 3601 an
738 3537 784 3600 vif
792 3543 821 3600 le
831 3542 952 3618 passion
962 3541 1105 3600 tetrante
1114 3540 1152 3600 de
1160 3539 1304 3600 Nereine.
1316 3541 1478 3619 Pourquoi

432 3643 606 3704 enunieret
624 3655 725 3700 autres
741 3643 784 3699 lea
803 3640 920 3699 ont-ile
941 3640 1072 3700 omines?
1091 3652 1200 3700 eet-ce
1218 3641 1353 3700 dedein?
1373 3653 1478 3700 est-ee

431 3745 653 3824 tmpuieeance?
671 3743 743 3802 d’ou
759 3742 1015 3801 viendrait-elle?
1032 3763 1075 3801 un
1092 3743 1180 3818 poete
1194 3743 1270 3802 dont
1285 3763 1327 3804 οι
1339 3763 1358 3802 n
1371 3757 1478 3804 retenu

434 3849 582 3927 plusieurs
594 3867 679 3919 vers,
691 3847 809 3904 n'e·t·il
821 3865 875 3922 pas
888 3865 927 3904 eu
938 3847 1040 3904 raison
1052 3846 1089 3903 de
1103 3845 1166 3903 dire
1177 3865 1185 3901 ε

615 3993 654 4039 Un
668 4007 720 4039 vere
732 3995 803 4040 eotte
814 3992 827 4038 i
838 3991 917 4054 polit,
930 4001 955 4038 et
967 3991 990 4037 le
1002 3991 1084 4038 enni!
1095 4007 1154 4038 noue
1166 3989 1239 4052 ptee:

617 4077 676 4124 Mein
687 4091 717 4124 en
728 4083 799 4140 prore
812 4076 844 4124 do
855 4077 931 4123 motor
943 4089 974 4122 on
988 4083 1023 4123 eet
1034 4085 1072 4121 eoi
1084 4073 1098 4122 t
1111 4089 1155 4122 eon
1167 4075 1223 4120 eiee.
