3220 5330
369 507 373 518 ·
458 487 505 559 50
562 503 651 554 nus
681 473 1138 563 nurinonrnoses
1169 511 1412 596 u’ovrne,

717 711 837 788 XIX.
859 691 1085 814 Daphffln
1108 723 1271 797 laurum.

503 929 652 1004 Pnnrus
668 953 775 1002 amor
790 925 925 1000 Phoebi
941 927 1102 1026 Daphne
1117 931 1277 1010 Peneia:
1298 963 1414 1035 quem
1431 968 1512 1017 non

455 1064 543 1138 Fors
559 1065 685 1163 ignare
700 1062 823 1160 dedit,
839 1062 902 1137 sed
919 1089 1018 1138 seeva
1034 1066 1233 1164 Cupidinis
1255 1071 1329 1150 im..

502 1197 634 1271 Delius
650 1221 756 1272 nunc
774 1223 914 1294 nuper,
931 1197 1030 1272 victi
1046 1215 1216 1296 serpente
1233 1207 1437 1304 superbus,

448 1321 608 1420 'Viderat
625 1323 787 1397 adducto
801 1323 1012 1399 flectentem
1028 1351 1171 1400 cornua
1189 1355 1308 1404 nervo
1327 1341 1336 1370 ¹
1354 1362 1362 1408 ε

454 1453 633 1552 Quidque
645 1453 734 1550 tibi,
749 1453 913 1529 lascive·
930 1481 1043 1554 puer,
1062 1483 1151 1532 cum
1167 1457 1328 1536 sortibus
1343 1467 1488 1540 annis?

452 1591 610 1666 Dixemt
629 1617 638 1662 ε
657 1590 728 1662 ista
742 1587 875 1664 decent
889 1587 1070 1662 humeros
1089 1590 1317 1687 gestamina³
1334 1606 1501 1692 nostine,

453 1715 532 1802 Qui
547 1713 637 1791 dure
652 1727 752 1792 certe
767 1715 875 1812 ferae,
890 1716 980 1790 dare
992 1718 1153 1790 vulnere
1168 1743 1367 1815 possumus
1383 1722 1507 1820 hosti;

349 1879 354 1894 ·
453 1844 531 1932 Qui
549 1845 681 1941 mode,
697 1843 873 1942 pestifero
888 1856 945 1918 tot
960 1847 1114 1944 jugera⁴
1131 1861 1275 1926 ventre.
1280 1865 1536 1950 prementem,

452 1973 663 2046 stravimus
679 1973 892 2046 innumeris
909 1975 1108 2052 tumidum
1118 1976 1293 2075 Pythona
1307 1981 1459 2079 sagittis.

401 2121 407 2132 '
452 2105 513 2178 Tu
528 2104 606 2180 fuce
620 2103 746 2179 nescio
758 2129 854 2202 quos
870 2116 949 2179 esto
967 2118 1167 2181 contentus
1187 2135 1333 2186 amores

452 2237 606 2313 Irritare
621 2233 704 2330 tui,
719 2257 789 2307 nec
804 2233 935 2309 laudes
949 2261 1069 2311 essere
1084 2251 1241 2314 nostrus.

501 2365 620 2443 Filius
634 2365 729 2442 huic
739 2365 896 2442 Veneris
910 2396 918 2440 ε
934 2367 1035 2466 Figat
1050 2379 1140 2443 tuus
1155 2370 1303 2467 omnia,
1319 2370 1482 2470 Phoebe3

452 2497 507 2572 Te
522 2523 630 2572 meus
645 2521 771 2594 arcus,
784 2496 859 2571 ait:
878 2508 1097 2595 quantoque
1112 2499 1289 2575 numana
1304 2497 1447 2574 cedunt

453 2628 598 2704 Cuncta
611 2624 700 2724 tibi,
715 2637 821 2700 tanto
837 2624 966 2699 minor
982 2637 1038 2699 est
1053 2637 1120 2700 tue
1139 2626 1255 2724 gloria
1268 2627 1409 2702 nostrai.

500 2759 611 2835 Dixit
626 2789 635 2833 :
656 2769 710 2854 et,
725 2755 816 2830 eliso
831 2755 1016 2853 percussis
1034 2761 1118 2830 edre
1133 2756 1288 2854 pennis,

451 2892 614 2992 Impiger
629 2885 809 2964 umbrosi
822 2885 994 2960 Parnassi
1010 2885 1178 2961 constitit
1192 2911 1277 2960 eree
1292 2914 1300 2960 :

466 3049 468 3054 V
497 3093 507 3124 ¹
535 3069 650 3146 Cornua
659 3127 671 3156 ,
688 3086 730 3143 les
749 3083 828 3140 deux
845 3081 1010 3140 extremites
1026 3079 1063 3139 de
1081 3079 1172 3152 l'are,
1191 3079 1245 3159 qui
1261 3079 1491 3140 ordinairemeut

453 3185 561 3246 etaient
573 3183 690 3261 garnies
704 3180 741 3236 de
755 3197 857 3236 corne.

496 3289 510 3318 ¹
531 3281 652 3338 Lasciva
667 3287 814 3336 contraste
832 3275 1049 3352 nveefortibus.
1070 3275 1153 3332 Cette
1169 3274 1331 3346 antithese,
1350 3278 1494 3354 sugges-ee

453 3403 509 3461 par
523 3383 551 3439 le
563 3379 672 3436 dedrin
682 3417 692 3447 ,
704 3388 748 3434 eet
760 3395 820 3434 une
833 3375 1002 3452 expression
1014 3376 1051 3434 de
1064 3395 1175 3434 moeurs
1189 3389 1218 3434 et
1231 3377 1268 3434 de
1281 3377 1440 3434 caractere.

498 3475 511 3512 ³
536 3477 719 3542 Gestarum,
729 3483 822 3549 terme
831 3473 868 3531 de
875 3472 1009 3548 jactanee
1019 3485 1048 3532 et
1057 3474 1224 3550 d'emphase
1235 3473 1491 3532 tres-contenable

454 3581 472 3640 ti
485 3582 514 3638 la
526 3577 734 3635 circonstance.

493 3677 510 3724 4
525 3680 633 3751 Iugera
639 3671 751 3750 signifie
757 3683 949 3748 proprement
955 3672 1077 3746 l’espaee
1084 3672 1121 3729 de
1128 3670 1238 3730 terrein
1244 3672 1356 3748 qu'uue
1363 3671 1489 3728 cheri-ue

452 3789 526 3856 pent
540 3776 680 3833 labourer
694 3791 731 3828 en
744 3791 788 3828 un
798 3770 880 3844 jour.
895 3771 935 3828 Ce
948 3781 1011 3826 mot
1024 3770 1125 3828 derive
1137 3769 1174 3828 de
1179 3771 1302 3848 jugum,
1316 3770 1442 3845 attelrge
1454 3767 1491 3824 de
1595 3803 1596 3812 κ

452 3872 646 3940 deuxhoeuts.
659 3873 708 3934 On
718 3871 745 3929 le
756 3868 830 3930 reud
841 3889 878 3928 eu
887 3867 1013 3946 frangeis
1023 3887 1078 3946 par
1088 3884 1208 3946 arpent,
1221 3866 1393 3952 expression
1405 3864 1491 3944 equi·

454 3975 580 4034 valente.
