3150 5354
285 601 291 642 t
410 605 480 675 17⁰
527 601 611 657 uus
641 577 1078 680 uirsuonruosns
1107 604 1329 680 norror,

405 747 526 822 Corve
539 748 698 848 loquitu,
717 751 843 826 subito
857 751 1045 848 nigrantes
1059 775 1191 827 vernis
1205 751 1247 826 in
1261 752 1348 826 alas.

403 879 498 954 Nam
514 881 589 955 fuit
601 883 683 957 haec
696 885 889 982 quondam
904 887 1028 961 niveis
1042 899 1214 986 argentea
1227 885 1364 986 pennis

403 1009 507 1108 Ales,
525 1024 569 1086 ut
582 1029 747 1113 aequaret
760 1029 857 1092 totas
873 1018 954 1091 sine
969 1019 1051 1093 labe
1064 1018 1279 1111 columbas3

403 1141 438 1216 N
438 1169 479 1217 ec
492 1147 698 1250 serraturis
711 1149 817 1248 vigili
832 1149 1003 1248 capitolia
1016 1173 1109 1223 voce
1124 1155 1133 1186 ¹

404 1271 560 1350 coderet
571 1277 786 1376 anseribus,
801 1303 872 1354 nec
887 1280 1029 1355 amanti
1044 1279 1206 1355 flumina
1221 1301 1353 1378 cyeno.

401 1403 547 1504 Lingua
559 1407 634 1482 fuit
648 1407 789 1485 damno
807 1441 815 1486 :
830 1411 959 1509 lingua
972 1409 1129 1485 faciente
1144 1408 1311 1508 loquaci,
1381 1442 1384 1450 ·

405 1538 476 1611 Cui
491 1543 594 1617 oolor
610 1545 716 1620 albus
733 1557 831 1640 erat,
849 1569 955 1618 nunc
969 1555 1024 1618 est
1037 1541 1249 1618 contrarius
1261 1541 1358 1614 albo.

450 1673 651 1749 Pulchrior
664 1675 707 1750 in
720 1677 814 1772 total,
831 1675 947 1774 quim
961 1675 1140 1749 Larissaea
1153 1673 1329 1768 Coronis,

401 1805 486 1880 Non
503 1805 577 1882 fuit
590 1807 799 1884 Haemonia.
816 1807 961 1884 Placuit
972 1809 1063 1905 tibi,
1077 1807 1279 1907 Delphice,
1296 1809 1413 1901 certe,

401 1937 506 2011 Dum
519 1939 582 2012 vel
598 1952 696 2013 casta
708 1937 800 2036 fuit,
815 1938 877 2013 vel
894 1938 1145 2011 inobservata.
1164 1934 1234 2010 sed
1252 1935 1326 2008 ales

400 2068 526 2144 Sensit
538 2065 769 2144 adulterium
783 2070 987 2145 Phoebe'r'us
1004 2099 1011 2143 :
1026 2081 1145 2166 utque
1158 2067 1336 2142 latentem

399 2207 594 2305 Detegeret
610 2207 778 2305 culpam,
794 2232 874 2281 non
889 2203 1090 2281 exorabilis
1108 2200 1243 2299 index,

399 2336 457 2415 Ad
467 2335 674 2442 ,dominum
687 2336 864 2411 tendebat
876 2337 970 2410 iter:
988 2359 1104 2432 quem
1120 2333 1269 2432 garrula
1284 2329 1397 2406 motis

399 2469 652 2567 Consequitur
666 2450 821 2570 pennis,
838 2471 996 2544 scitetur
1007 2479 1051 2542 ut
1067 2466 1213 2564 omnia,
1233 2464 1380 2540 cornix.

399 2600 614 2702 Auditaque
629 2605 827 2698 vimus&
841 2636 851 2703 ;
867 2605 952 2680 Non
966 2603 1061 2678 utile
1077 2601 1217 2701 carpis,

398 2738 547 2837 lnquit,
563 2739 635 2814 iter
652 2770 659 2814 :
676 2767 726 2815 ne
739 2768 874 2840 sperne
887 2765 980 2816 meae
994 2738 1171 2837 praesagia
1182 2737 1333 2834 linguae.

446 2869 549 2957 Quid
557 2871 810 2972 fiacrim‚quid
817 2875 966 2973 simque
973 2871 1077 2968 vide;
1087 2873 1343 2970 meritumque
1350 2863 1527 2968 requirc3

398 3001 573 3080 Invenies
589 3007 761 3082 nocuisse
776 3005 904 3082 fidem.

740 3247 875 3323 XVII.
903 3251 1097 3324 Ericthon.

915 3489 1022 3564 Nau
1035 3499 1205 3587 tempore
1217 3489 1383 3588 quodam

395 3617 512 3692 Pallas
527 3619 811 3718 Ericthonium,
827 3621 973 3719 prolem
989 3622 1071 3696 sine
1086 3635 1206 3698 matre
1220 3635 1400 3717 creatam,
1444 3677 1449 3690 .

438 3835 446 3864 ¹
462 3831 599 3890 Allusion
610 3853 669 3892 aux
679 3833 738 3894 oies
747 3834 800 3911 qui
807 3853 863 3910 par
872 3835 952 3892 leurs
961 3835 1017 3892 cris
1026 3837 1211 3894 reveillerent
1219 3837 1261 3894 les
1270 3835 1433 3894 sentinelles

395 3927 577 4003 cuduinus,
590 3935 710 4012 lorsque
720 3935 762 3996 les
771 3935 895 3996 Gaulois
908 3937 1014 3999 etaient
1028 3940 1095 4016 pres
1107 3939 1143 3998 de
1157 3957 1186 4001 se
1196 3938 1302 4000 rendre
1315 3940 1434 3996 maltres

397 4032 438 4092 du
451 4035 593 4112 Capitale.
