3150 5354
1559 871 1560 906 i

747 797 1029 913 LIBER
1069 797 1188 918 ΙΙΙ.

540 1087 572 1166 Ι.
598 1087 793 1186 Apollinis
810 1085 1003 1156 oraculum
1023 1083 1191 1158 Cadmo
1206 1087 1377 1158 consulit.

435 1321 474 1436 J
477 1379 635 1443 suque
651 1353 775 1446 Deus,
794 1347 915 1446 positi
930 1345 1070 1420 fallacis
1085 1347 1250 1444 imagine
1264 1347 1383 1444 tauri,

432 1494 481 1568 se
496 1487 688 1566 confessus
705 1493 803 1576 erat,
819 1479 1037 1574 Dictaeaque
1052 1503 1144 1549 rura
1160 1479 1310 1550 tenebat
1326 1485 1350 1552 ¹.

432 1624 533 1698 Ciun
548 1630 654 1718 poter
669 1616 823 1712 ignarus
840 1606 982 1682 Cadmo
997 1605 1221 1704 perquirere
1235 1621 1378 1706 raptam
1559 1579 1560 1588 ἵ

430 1754 599 1850 Imperat
615 1775 624 1821 :
640 1757 677 1818 et
692 1766 866 1840 poenam
885 1737 917 1811 si
934 1763 1013 1810 non
1030 1735 1242 1831 invenerit,
1260 1734 1364 1809 addit

431 1883 645 1976 Exsilium,
659 1876 756 1952 facto
771 1873 859 1972 pius
876 1884 914 1946 et
929 1871 1129 1945 sceleratus
1145 1868 1289 1944 eodem.

431 2014 537 2091 Orbe
551 2015 761 2108 peremto,
777 1999 880 2101 (quis
898 1997 1002 2074 euim
1018 1997 1255 2095 deprendere
1270 1999 1388 2096 possit

430 2143 549 2218 Fmta
560 2134 708 2232 Jovist)
720 2130 922 2230 profugus,
938 2129 1176 2226 patriamque
1189 2129 1361 2227 iramque
1372 2131 1528 2228 parentis
1559 2161 1560 2230 3

430 2271 535 2345 Vitat
551 2259 779 2364 Agenorides
792 2289 801 2354 3
820 2257 1034 2354 Phoebique
1050 2257 1203 2352 oracula
1218 2259 1377 2356 supplex

432 2401 632 2496 Consulit,
648 2409 703 2493 et,
719 2419 806 2494 quae
822 2393 871 2466 sit
886 2390 999 2464 tellus
1016 2389 1238 2487 habitanda,
1253 2391 1424 2490 requirit.
1559 2385 1560 2456 i

426 2531 505 2608 iios
521 2531 610 2628 tibi,
629 2527 797 2602 Phoebus
813 2525 883 2620 ait,
899 2522 987 2594 solis
1004 2533 1176 2595 occurret
1191 2523 1234 2594 in
1249 2522 1367 2618 arvis,

433 2666 593 2742 Nullum
610 2687 715 2761 passa
731 2660 883 2758 jugum,
902 2654 1089 2753 curvique
1106 2656 1291 2728 immunis
1306 2655 1429 2729 aratri.
1559 2625 1560 2676 3

432 2799 646 2893 Haeduae,
663 2817 773 2890 carpe
786 2791 868 2865 vias
885 2818 893 2864 :
909 2800 965 2886 et,
981 2789 1057 2888 qud
1070 2789 1303 2886 requieverit
1313 2785 1445 2879 berbi,

431 2929 576 3009 Moenia
591 2926 649 3000 fac
665 2919 819 3016 condas,
838 2919 1058 3014 Boeotiaque
1073 2916 1138 2988 illa
1153 2927 1297 2989 vocato.

479 3057 559 3131 Vix
574 3057 671 3130 bene
689 3049 848 3124 Castalio
864 3047 1027 3120 Cadmus
1041 3045 1284 3120 descenderat
1298 3055 1406 3118 antro
1423 3067 1431 3112 :

433 3185 707 3267 incustoditam
722 3183 824 3256 lente
838 3177 943 3254 videt
959 3178 1016 3250 ire
1030 3179 1250 3274 juvencam,

433 3323 594 3402 Nullum
611 3317 758 3394 servitii
775 3316 925 3413 signum
942 3309 1088 3384 cervice
1103 3321 1304 3407 gerentem.

433 3453 707 3554 Subsequitur,
722 3475 927 3550 pressoque
938 3446 1027 3544 legit
1040 3443 1194 3541 vestigia
1209 3466 1354 3539 gressu,

435 3589 717 3679 Auctoremque
731 3580 805 3669 viae
818 3577 1011 3652 Phoebum
1027 3572 1239 3646 taciturnus
1256 3569 1395 3642 adorat.

434 3721 519 3794 Jam
532 3713 630 3792 vada
645 3709 816 3810 Cephisi,
831 3709 1077 3805 Panopesque
1094 3713 1263 3780 evaserat
1276 3723 1384 3792 arva,

479 3933 489 3963 ¹
514 3929 585 3986 L'tle
598 3927 635 3984 de
648 3923 753 3993 Crete,
764 3921 902 3980 domnine
913 3919 950 3978 de
960 3921 978 3976 J
980 3919 1090 3994 opiter,
1103 3929 1148 3976 est
1159 3915 1296 3992 dhignte
1306 3909 1343 3970 ici
1352 3927 1407 3987 par
1420 3926 1481 3965 une
1559 3929 1560 3934 ¹

433 4027 472 4092 oe
485 4048 531 4092 ses
543 4025 679 4088 ποιητέω
689 4064 698 4095 ,
710 4021 806 4104 figure
818 4019 855 4080 de
870 4021 946 4099 style
962 4017 1130 4080 trisusitc'e
1143 4035 1181 4075 eu
1192 4012 1301 4096 poesie.
