3220 5330
432 567 477 640 72
552 563 637 618 uus
665 535 1100 618 mersuoaauoses
1131 555 1357 634 movmu,

428 703 502 777 Sed
516 715 626 777 nocet
640 729 716 777 esse
732 705 858 780 Deum
876 731 883 777 :
902 702 1159 801 praeclusaque
1174 703 1287 798 janua
1302 703 1369 776 leti

429 830 632 907 AEtemum
645 843 792 906 nosnos
807 832 933 908 luct'us
946 830 1117 906 extendit
1131 830 1174 904 in
1190 857 1330 908 aevum.

476 957 583 1033 Talia
597 961 775 1036 moerenti
792 961 963 1048 stellatus¹
973 964 1174 1038 submovet
1190 961 1310 1062 Argus
1329 969 1359 1059 ¹,

427 1085 680 1187 Ereptamque
695 1089 794 1188 patn‘
810 1089 958 1164 diversa
970 1090 1012 1164 in
1028 1117 1165 1188 pascua
1180 1103 1308 1165 natam

428 1217 622 1292 Abstrahit
639 1247 647 1292 :
665 1219 745 1319 ipse
760 1221 893 1320 procul
908 1203 1048 1297 montis
1065 1223 1226 1312 sublime
1235 1227 1420 1298 'cacumen

386 1377 391 1388 ·
429 1349 617 1448 Occupat,
636 1351 739 1428 unde
753 1351 885 1428 sedens
901 1365 1023 1452 partes
1039 1355 1253 1451 speculetur
1268 1353 1312 1428 in
1327 1378 1468 1428 omnes.

477 1477 555 1555 Nec
570 1480 753 1579 superem
768 1494 891 1558 rector
906 1481 1004 1558 mala
1017 1494 1121 1556 tants
1134 1479 1372 1556 Phoronidos
1385 1493 1398 1522 ·
1416 1481 1519 1553 ultra

356 1657 360 1665 ·
430 1608 544 1684 Ferre
559 1624 682 1711 potest
701 1643 710 1688 ε
728 1628 937 1714 nammque
948 1627 1075 1714 vocat,
1093 1639 1209 1714 quem
1224 1614 1349 1690 lucida
1365 1625 1476 1712 partu

429 1735 550 1814 Pleias
566 1740 679 1816 enixa
695 1756 751 1818 est
770 1772 777 1818 :
796 1744 948 1842 letoque
960 1743 1042 1843 det,
1058 1743 1234 1841 imperat,
1253 1742 1408 1838 Argum.

351 1919 354 1924 ,
429 1867 551 1946 Parva
566 1898 673 1948 mora
688 1888 743 1949 est
758 1875 833 1950 alas
849 1875 1028 1974 pedibus,
1042 1875 1262 1974 virgamque
1277 1876 1422 1973 potenti

430 2000 682 2080 somniferam
698 2007 874 2081 sumsisse
889 2033 1024 2103 mana,
1042 2006 1280 2106 tegimenque
1296 2002 1451 2100 capillis.

431 2129 522 2207 Haec
537 2133 606 2210 ubi
622 2133 826 2234 disposuit,
844 2137 964 2236 petrid
974 2138 1069 2211 Jove
1080 2148 1192 2211 uatus
1208 2135 1254 2207 ab
1269 2113 1353 2206 aree

431 2260 568 2334 Desilit
582 2263 626 2338 in
638 2275 759 2340 terras
775 2293 783 2339 :
798 2264 878 2340 illic
892 2266 1130 2364 tegimenque
1145 2261 1327 2359 removit,
1361 2279 1371 2302 ⁸

431 2389 481 2466 Et
496 2393 624 2489 posuit
639 2419 781 2492 pennas
797 2424 806 2470 :
820 2395 1084 2472 tantummodo
1095 2395 1201 2492 virge
1215 2403 1360 2468 retenta
1375 2403 1441 2466 est.

297 2515 299 2520 ’
431 2517 617 2624 mc'agit,
636 2538 682 2600 ut
697 2539 840 2627 pastor,
855 2555 923 2626 per
938 2528 1049 2604 devia
1064 2553 1156 2602 rura
1171 2523 1344 2624 capellas,
1365 2559 1368 2564 ·

432 2647 537 2730 Dum
552 2655 677 2756 venit,
694 2659 870 2738 abductas
887 2691 895 2736 ε
910 2673 949 2735 et
963 2658 1115 2735 suuetis
1132 2668 1256 2732 cantat
1270 2655 1400 2730 avenis
1414 2653 1441 2730 ⁸.

431 2780 533 2857 Voce
548 2785 651 2861 novd
665 2801 795 2888 captus
811 2801 934 2864 custos
950 2789 1160 2885 Junonius‚
1179 2787 1228 2860 At
1239 2798 1302 2882 tu,

433 2917 616 3017 Quisquis
630 2947 689 3020 es,
706 2922 781 2996 hcc
795 2936 1104 3022 poterasmeoum
1121 2917 1315 2994 considere
1329 2941 1440 3014 saxo,

433 3046 554 3144 Argus
570 3048 623 3123 ait
640 3077 790 3149 :meque
807 3053 910 3128 enim
926 3053 1053 3151 pecori
1068 3048 1283 3126 soecundior
1299 3047 1378 3122 ullo
1398 3071 1402 3078 ·

432 3175 559 3284 Herba
572 3180 654 3256 loco
670 3195 726 3256 est
740 3196 940 3282 aptamque
954 3184 1061 3258 vides
1076 3181 1285 3281 pastoribus
1300 3179 1489 3254 umbram.

462 3304 587 3389 ,sedit
601 3307 827 3410 Atlantides,
847 3324 885 3386 et
900 3317 1055 3387 euntem
1071 3311 1191 3387 multa
1205 3307 1395 3408 loquendo

434 3433 609 3510 Detinuit
621 3462 794 3514 sermone
809 3439 912 3518 diem
927 3471 936 3517 :
950 3443 1166 3541 junctisque
1177 3441 1345 3517 canendo

479 3683 489 3713 ¹
501 3679 647 3754 Stellatus,
655 3684 782 3760 epithus
789 3688 1239 3766 equivaleutedoculs'stanquam
1246 3687 1334 3746 stelb's
1342 3697 1468 3744 mutus.

478 3783 493 3814 ⁵
509 3781 562 3850 10,
574 3799 655 3841 soear
665 3783 703 3842 de
716 3785 879 3847 Phoronse.

434 3955 441 3976 ,
479 3869 493 3909 ³
505 3878 672 3956 M'Ws
682 3883 886 3958 &abd-dire,
899 3901 1088 3966 congregatas
1100 3888 1206 3947 remim
1220 3887 1290 3944 dum
1302 3883 1416 3944 accedit
1427 3885 1469 3940 od

437 3975 557 4052 Argum.
