3180 5358
424 617 492 670 nn
536 609 620 666 nus
647 577 1096 667 nd'ranonrnoses
1124 611 1356 694 nowen,

421 765 508 840 sors
521 777 587 839 tua
599 762 768 839 mortalis
785 792 794 839 z
810 788 890 839 non
905 776 961 839 est
973 763 1133 840 mortale
1146 765 1251 863 quod
1264 777 1371 868 optas
1387 777 1411 844 ¹.

419 899 509 974 Plus
523 899 656 995 ctiam,
673 899 791 998 quim
805 899 907 998 quod
923 899 1077 999 Superis
1090 901 1307 1002 contingere
1319 903 1374 979 fas
1387 904 1453 1001 ait,

419 1033 572 1108 Nescius
586 1031 745 1108 affectas.
761 1032 908 1107 Placeat
920 1034 993 1108 sibi
1007 1032 1188 1134 quisque,
1204 1035 1332 1110 licebit
1344 1066 1355 1130 3

418 1165 504 1239 Non
516 1177 644 1240 tamen
658 1163 818 1263 ignifero
831 1165 1035 1262 quisquam
1049 1163 1252 1252 consistere
1263 1167 1306 1238 in
1319 1191 1409 1263 axe,

417 1293 500 1392 Me,
515 1295 634 1394 valet,
651 1309 808 1395 excepto
825 1325 833 1370 :
848 1295 946 1370 vasti
958 1319 1112 1394 quoque
1125 1305 1250 1368 rector
1262 1273 1438 1393 Olympi,

419 1413 589 1512 Qui'fera
601 1425 766 1502 terribili
778 1426 965 1523 jaculatur
979 1423 1145 1498 fulmina
1157 1422 1310 1523 dextri,

418 1561 504 1636 Non
517 1573 599 1666 agat
610 1561 681 1638 hos
695 1587 832 1638 currus
850 1589 858 1635 :
875 1559 1020 1660 etquid
1034 1559 1130 1634 Jove
1142 1559 1265 1656 majus
1278 1556 1484 1632 habemus?

333 1713 337 1724 '
379 1769 384 1774 .
467 1693 597 1768 Ardua
611 1696 736 1796 prima
747 1695 812 1768 via
824 1705 880 1768 cst
897 1723 905 1767 :
921 1704 958 1768 et
970 1691 1046 1791 qud
1059 1693 1131 1767 vix
1143 1717 1256 1768 mane
1268 1701 1434 1768 recentes

418 1823 623 1900 Enitantur
637 1828 728 1926 equi
745 1857 752 1902 :
771 1825 897 1901 medio
913 1837 969 1900 est
984 1825 1164 1900 altissima
1176 1825 1295 1921 ooelo;
1334 1813 1338 1821 ⁵

419 1956 528 2034 Unde
542 1986 645 2035 mare
658 1975 695 2036 et
707 1975 826 2037 terras
839 1962 912 2060 ipsi
925 1959 1024 2035 mihi
1041 1985 1138 2058 saepe
1151 1958 1283 2034 videre
1392 2064 1393 2067 Ἴ

418 2093 477 2169 Fit
488 2095 622 2194 timor,
640 2109 677 2170 et
689 2095 828 2195 pavida
842 2095 1007 2195 trepidat
1020 2093 1226 2170 formidine
1240 2105 1384 2193 pectus.

417 2225 559 2302 Ultima
574 2255 695 2327 prona
708 2227 772 2302 via
784 2241 857 2327 est,
875 2241 912 2303 et
925 2241 1005 2326 eget
1020 2225 1278 2303 moderamine
1292 2235 1405 2299 certo.

417 2357 529 2432 Tunc
542 2359 676 2452 etiam,
693 2381 779 2455 quae
793 2385 854 2433 me
871 2357 1047 2454 subjectis
1065 2355 1207 2452 excipit
1220 2351 1355 2450 undis,

418 2489 473 2562 Ne
488 2486 587 2563 ferar
600 2489 642 2562 in
656 2515 840 2588 praeceps,
854 2487 998 2586 Thetys
1012 2487 1106 2560 solet
1119 2485 1199 2584 ipsa
1212 2485 1349 2558 vereri.

465 2621 592 2721 Adde,
609 2621 712 2724 quod
726 2621 875 2698 assiduat
887 2622 1035 2720 rapitur
1050 2619 1238 2718 vertigine
1251 2619 1412 2715 coelum3

418 2752 623 2855 Sideraque
636 2757 709 2832 alta
721 2756 859 2852 trahit,
876 2754 1065 2852 celerique
1081 2751 1280 2828 volumine
1293 2762 1456 2853 torquet.

417 2885 527 2961 Nitor
540 2888 583 2963 in
599 2886 802 2962 adversum
816 2895 851 2984 ¹3
870 2912 939 2960 nec
955 2911 1034 2981 me,
1050 2883 1119 2981 qui
1136 2895 1286 2979 caetera,
1301 2882 1423 2958 vincit

418 3019 585 3117 Impetus
602 3049 610 3092 ε
626 3029 664 3093 et
680 3017 814 3119 rapido
826 3015 1039 3091 contrarius
1052 3014 1195 3090 evehor
1208 3015 1304 3089 orbi.

416 3159 532 3258 Finge
545 3157 652 3232 datos
666 3181 801 3232 currus
819 3185 827 3230 ι
847 3153 942 3253 quid
955 3153 1063 3252 agas?
1076 3151 1267 3252 poterisne
1280 3149 1410 3225 rotatis

465 3362 471 3388 ¹
505 3357 553 3415 On
577 3374 594 3414 a
615 3355 737 3414 restitut
759 3353 892 3412 &Ovide
912 3372 945 3412 ce
965 3371 1032 3411 vera
1054 3371 1113 3429 que
1134 3348 1180 3408 lui
1200 3348 1282 3408 avait
1300 3348 1458 3426 omptume

419 3455 563 3512 Voltaire.

462 3559 475 3586 ·
494 3557 532 3610 In
545 3555 709 3630 oppositam
715 3563 835 3629 partem
842 3594 851 3622 ,
865 3551 970 3628 nempe.²
982 3552 1129 3608 on‘entem.

459 3653 499 3710 Le
512 3651 600 3728 poete
613 3672 643 3710 se
655 3651 809 3710 conforme
821 3670 881 3710 aux
894 3651 973 3709 ideer
984 3667 1086 3727 requos
1096 3649 1133 3706 de
1146 3656 1307 3714 conterno,
1322 3643 1426 3722 quand
1438 3644 1460 3700 il

420 3751 471 3810 fait
485 3751 548 3809 dire
560 3771 600 3809 au
613 3751 702 3810 Soleil
715 3753 787 3828 qu'il
798 3763 841 3810 est
851 3753 878 3810 le
892 3751 955 3810 seul
967 3759 1045 3808 estre
1055 3767 1116 3826 que
1129 3765 1185 3806 ton
1195 3753 1387 3804 mouvement
1399 3760 1461 3801 em·

422 3862 508 3928 porte
521 3869 588 3907 vers
599 3850 727 3908 l’orient.
740 3851 795 3908 Les
809 3850 910 3908 etoiles
920 3848 1009 3917 sires,
1024 3846 1077 3924 qui
1090 3864 1127 3901 nc
1140 3841 1304 3920 paruissent
1317 3837 1390 3896 aller
1401 3857 1460 3912 qne

422 3947 550 4004 d'orient
561 3967 598 4004 en
611 3947 762 4015 occident,
773 3957 848 4005 vont
861 3945 940 4004 aussi
948 3961 1004 4021 par
1015 3963 1058 4003 un
1067 3949 1258 4001 montement
1269 3955 1329 4014 peu
1339 3933 1461 3996 tensible

421 4045 584 4104 d'orcident
596 4063 632 4102 en
646 4045 753 4104 orient.
