3176 5338
400 516 424 590 t
514 495 1338 609 aasubauuoarnosnsnonna,
1444 529 1448 539 ·

397 677 485 756 Non
501 681 597 754 bene
612 679 831 775 junctarum
847 671 1034 749 discordia
1049 675 1193 750 semina
1206 703 1349 754 rerum.

397 809 535 888 Nullus
547 807 674 886 adhuc
689 803 836 881 mundo
850 805 1040 904 praebebat
1051 805 1201 880 lumina
1212 805 1346 906 Titan3

396 943 474 1018 Nec
486 965 588 1016 nova
599 934 798 1013 crescendo
814 937 1010 1035 reparabat
1025 962 1169 1012 cornua
1183 935 1347 1032 Phoebc;

396 1072 474 1147 Nee
489 1065 717 1144 circumfuso
732 1064 919 1165 pendebat
934 1067 976 1142 in
995 1073 1080 1142 atre
1094 1068 1206 1144 tellus

395 1199 632 1276 Ponderibus
647 1199 783 1273 uerae
798 1197 897 1295 aaa
913 1223 983 1272 nec
996 1199 1150 1274 araone
1160 1200 1272 1300 longo
1360 1177 1377 1194 '

396 1329 563 1428 Margine
576 1341 764 1404 terrarum
778 1340 999 1427 porrexerat
1015 1327 1246 1429 Amphitrite
1265 1337 1289 1405 ¹.

396 1457 559 1557 Quique
571 1455 647 1532 fuit
658 1453 789 1552 tellus,
805 1453 934 1529 illicet
947 1461 1213 1556 pontusetadr
1226 1487 1235 1533 :

260 1592 265 1606 '
398 1585 459 1660 sie
474 1596 555 1660 erat
568 1581 755 1658 ine‘tabilie
768 1581 900 1680 tellus,
915 1583 1094 1659 innabilis
1110 1585 1234 1684 unda,

395 1713 509 1822 Lucia
521 1737 630 1810 egens
644 1715 726 1785 aer:
743 1709 843 1784 nulli
859 1737 929 1786 aue
942 1711 1063 1788 forma
1079 1717 1273 1813 manebat;

396 1848 651 1946 obstabatque
666 1842 749 1917 aliie
765 1841 868 1916 atiud
881 1869 890 1917 ε
905 1842 998 1942 quia
1013 1867 1170 1942 corpore
1183 1845 1226 1918 in
1240 1870 1321 1920 uno

396 1974 543 2073 Frigida
558 1973 775 2074 pugnabant
790 1970 940 2070 calidis,
955 1971 1155 2048 humentia
1168 1974 1294 2073 siccis,

396 2105 525 2182 Mollia
538 2129 627 2179 cum
643 2103 770 2202 duria,
786 2103 868 2178 eine
885 2103 1052 2206 pondere
1066 2105 1245 2182 habentia
1260 2105 1423 2206 pondus.

774 2333 833 2408 II.
858 2337 1071 2412 Elementa.

441 2513 579 2624 'aare
593 2548 696 2624 Dens
710 2555 747 2618 et
758 2543 894 2619 melior
910 2545 1015 2622 litem
1029 2545 1170 2620 Natura
1186 2544 1360 2621 diremit:

266 2689 269 2694 ’
393 2678 490 2756 Nam
506 2679 602 2754 coelo
617 2689 758 2774 terrae,
773 2689 813 2750 et
826 2677 937 2752 terris
950 2678 1109 2752 abscidit
1120 2676 1262 2774 undas3

393 2811 442 2882 Et
457 2809 650 2908 liquidum
663 2809 781 2908 spisso
794 2808 955 2883 secrevit
969 2810 1017 2883 ab
1034 2813 1119 2882 aare
1134 2807 1286 2884 coelum.

394 2939 492 3028 Qua
503 2955 703 3042 postquam
717 2939 880 3038 evolvit,
895 2963 1068 3038 caecoque
1083 2936 1226 3015 exemit
1237 2962 1392 3030 acervo,

393 3071 599 3148 Disaoeiata
608 3073 701 3150 locis
714 3069 892 3147 concordi
906 3096 996 3170 pace
1007 3071 1148 3171 ligavit.

393 3207 506 3305 ignea
518 3207 681 3284 convexi
695 3207 754 3280 vis
770 3217 808 3278 et
821 3206 904 3278 aine
916 3202 1083 3302 pondere
1096 3201 1183 3277 coeli

393 3333 575 3432 Emicuit,
590 3333 814 3432 summique
827 3332 954 3406 locum
968 3331 1041 3405 sibi
1055 3330 1144 3428 legit
1156 3331 1200 3404 in
1212 3353 1308 3404 arce.

392 3465 596 3540 Proximus
610 3477 665 3540 eat
678 3469 742 3540 abr
755 3463 813 3540 ilii
830 3462 1001 3562 levitate,
1016 3463 1218 3562 locoquef

434 3661 445 3693 ²
463 3657 603 3716 Ouecitt
611 3659 647 3717 de
657 3672 726 3720 tent
735 3672 809 3720 tenu
818 3679 851 3719 ce
860 3681 928 3722 verr
937 3661 1122 3740 spondetque
1131 3681 1245 3722 comme
1254 3683 1297 3722 nn
1305 3661 1357 3722 dea
1365 3664 1435 3740 phau

391 3755 488 3816 bearn
502 3758 647 3832 exemplee
660 3759 697 3818 de
711 3749 885 3818 l'barmonie
897 3760 1050 3818 imitative.
1066 3761 1175 3820 Jamais
1187 3762 1241 3820 elle
1255 3763 1328 3819 n’eat
1341 3759 1435 3818 artifi-

393 3854 473 3911 ciette
487 3853 560 3913 dana
576 3853 682 3911 Ovide.
703 3857 744 3913 Le
760 3855 878 3931 ryahme
896 3855 1064 3918 nombreux
1079 3856 1256 3919 ecferitate
1272 3875 1317 3918 aea
1332 3873 1431 3938 aerea

389 3955 619 4014 naturellemeut
635 3955 757 4015 t’acceat
770 3956 808 4018 de
821 3975 853 4018 aa
866 3959 984 4034 penate.
