3220 5330
428 557 484 658 56κ
531 533 615 628 nos
645 539 1096 626 ndrnnonruosss
1126 569 1352 648 merrus,

484 799 595 876 XVI.
619 801 765 876 Servati
779 801 806 872 d
823 799 964 874 diluvio
978 801 1190 877 Deucalion
1206 815 1244 879 et
1256 807 1422 904 Pyrrho.

474 1027 657 1104 sorim
670 1027 813 1102 Aonios
825 1025 962 1102 Actaeis
975 1029 1112 1105 Phocis
1124 1033 1171 1108 ab
1184 1035 1304 1131 arvis,

423 1153 541 1232 Terre
556 1155 681 1252 ferax,
696 1155 791 1230 dum
803 1167 905 1230 terra
917 1155 1012 1253 firit3
1029 1159 1093 1232 sed
1107 1172 1276 1260 tempore
1289 1161 1332 1235 in
1344 1161 1411 1236 illo

423 1287 512 1361 Pars
524 1287 657 1382 maris,
673 1260 710 1359 et
723 1285 821 1360 latus
834 1283 1047 1360 subitarum
1060 1313 1214 1386 campus
1225 1315 1423 1387 aquarum.

423 1419 533 1492 Mons
546 1415 602 1488 ibi
614 1414 822 1488 verticibus
836 1415 930 1512 petit
942 1415 1086 1490 arduus
1098 1431 1195 1492 astra
1206 1418 1375 1517 duobus,

421 1548 584 1622 Nomine
596 1545 820 1644 Parnassus,
837 1561 1065 1645 superatque
1077 1553 1272 1624 cacumine
1288 1553 1435 1658 nubes·

422 1679 576 1758 Hicubi
589 1677 818 1774 Deucalion,
834 1703 925 1750 nam
938 1690 1070 1753 oaetera
1080 1692 1225 1755 texerat
1236 1707 1385 1780 aequor,
1431 1667 1433 1674 ⁵

424 1815 522 1887 Cum
535 1821 707 1886 consorte
719 1808 795 1882 tori
811 1807 929 1904 parvt
943 1820 1023 1882 rate
1034 1823 1165 1884 vectus
1178 1810 1357 1908 adhaesit;

423 1943 624 2043 Corycidas
641 1951 648 1979 ¹
662 1919 880 2040 Nymphas,
896 1953 934 2015 et
945 1943 1107 2017 numina
1119 1946 1259 2018 montis
1271 1943 1446 2044 adorant,

422 2078 702 2172 Fatidicamque
714 2073 903 2172 Themin,
920 2101 1005 2172 quae
1019 2101 1124 2149 nunc
1138 2083 1151 2112 ⁸
1167 2077 1290 2150 oracla
1302 2071 1467 2154 tenebat.

425 2209 510 2284 Non
524 2205 591 2280 illo
607 2206 742 2280 melior
755 2204 976 2303 quisquam,
992 2230 1062 2279 nec
1077 2207 1264 2282 amantior
1276 2205 1375 2304 aequi

425 2337 496 2411 Vir
507 2335 601 2432 fuit,
617 2348 683 2409 aut
696 2333 760 2408 ills
772 2335 1002 2410 metuentior
1015 2336 1094 2410 ulla
1107 2337 1288 2414 Deorum.

474 2472 496 2544 J
497 2473 649 2567 uppiter
662 2480 706 2541 ut
719 2466 875 2565 liquidis
889 2479 1057 2564 stagnare
1069 2469 1276 2565 paludibus
1286 2471 1437 2566 orbem,

239 2596 245 2607 ’
317 2679 322 2688 ,
425 2604 473 2677 Et
486 2625 676 2699 superesse
689 2599 795 2673 videt
806 2597 854 2672 de
866 2611 924 2672 tot
935 2599 1049 2672 modo
1061 2599 1231 2676 millibus
1244 2627 1389 2700 unum,

426 2737 474 2810 Et
487 2757 678 2832 superesse
691 2728 796 2804 videt
808 2727 856 2800 de
868 2740 924 2801 tot
936 2707 1232 2804 moddmillibus
1248 2757 1387 2830 unam3

427 2867 616 2943 Innocuos
631 2862 780 2956 ainbos,
795 2861 956 2934 cultores
970 2861 1142 2934 numinis
1154 2865 1282 2937 ambos
1293 2893 1304 2961 3
1317 2881 1320 2887 ’

428 2999 568 3074 Nubila
579 2994 750 3090 disjecit:
766 2993 984 3092 nimbisqne
997 2993 1186 3092 Aquilone
1199 2995 1370 3086 remotis,

357 3183 364 3195 .
429 3127 477 3202 Et
492 3127 588 3201 coelo
601 3138 718 3199 terras
732 3123 917 3221 ostendit,
933 3138 970 3198 et
982 3125 1123 3199 aethera
1135 3127 1257 3202 terris.
1467 3207 1470 3214 Ι

479 3259 556 3336 Nec
571 3257 686 3333 maris
702 3239 760 3330 iri
776 3233 905 3331 manet
920 3285 928 3330 :
944 3257 1142 3356 positoque
1156 3258 1364 3358 tricuspide
1378 3257 1454 3332 telo

422 3389 572 3466 ¹Muloet
583 3411 698 3484 aquas
714 3395 838 3458 rector
853 3383 972 3482 pelagi
989 3413 997 3457 :
1018 3411 1207 3484 supraque
1222 3383 1460 3484 profundum

475 3607 485 3638 ¹
511 3605 560 3662 On
570 3603 651 3662 alluit
661 3622 713 3662 sur
724 3603 751 3659 le
761 3605 904 3664 Parnasso
914 3604 1064 3662 consulter
1075 3604 1116 3662 les
1128 3600 1239 3664 eracles
1249 3603 1374 3662 ouiond
1383 3605 1476 3663 d’uue

433 3715 531 3783 grette
543 3703 663 3780 appelee
678 3703 793 3778 Corycc
804 3742 814 3774 ,
827 3704 982 3761 consecres
995 3722 1054 3762 aux
1066 3703 1211 3780 nymphes
1224 3703 1261 3760 de
1273 3702 1302 3760 la
1313 3715 1477 3780 monteque

434 3823 462 3869 et
476 3808 633 3868 &Themin
1341 3801 1342 3804 ’

475 3912 489 3943 ⁸
511 3907 643 3965 Farnshe
654 3905 790 3982 euplique
802 3905 944 3963 tres-bien
953 3905 980 3963 le
991 3923 1057 3964 sens
1065 3903 1101 3962 de
1109 3901 1258 3964 l’odverbe
1265 3922 1351 3960 nunc.
1363 3905 1472 3972 Tem,

434 4009 606 4084 quoeprimo
619 4007 736 4064 tenebat
747 4009 916 4077 oraculum,
930 4007 1064 4066 successit
1079 4003 1213 4076 Themis,
1227 4002 1294 4060 leuse
1305 4003 1423 4080 Apollo.
