3150 5354
412 599 482 676 266
522 616 608 672 uns
636 591 1085 672 ssi'rsuonruosss
1115 617 1346 696 movsen,

410 763 590 859 Dumque
601 761 696 837 seras
710 761 901 860 sequitur,
916 761 1012 836 dum
1025 763 1141 838 saltus
1153 765 1255 863 eligit
1270 779 1396 864 aptos,

411 895 684 994 Nexilibusque
697 897 812 995 plagis
827 897 939 970 silvas
954 897 1245 995 Erymanthidas
1259 900 1399 994 ambit,

411 1026 551 1103 Incidit
563 1029 607 1101 in
619 1040 799 1126 matrem,
817 1056 903 1126 quae
917 1029 1072 1128 restitit,
1088 1031 1230 1106 Arcade
1242 1033 1326 1106 viso
1344 1039 1374 1129 ¹,

412 1157 460 1231 Et
476 1160 711 1256 cognoscenti
725 1160 859 1236 similis
874 1160 962 1237 fuit.
977 1161 1045 1236 Ille
1058 1149 1214 1260 refugit,

413 1287 670 1388 Immotosque
683 1289 811 1365 oculos
824 1292 867 1366 in
880 1317 919 1364 se
933 1291 1014 1365 sine
1027 1291 1103 1364 fine
1116 1304 1308 1366 tenentem

413 1419 568 1495 Nescius
582 1423 778 1521 extimuit,
794 1423 1026 1522 propiusque
1040 1420 1213 1498 accedere
1228 1421 1359 1496 aventi

414 1555 606 1662 vulnifico
619 1555 741 1631 fuerat
758 1557 907 1632 fixuram
920 1567 1071 1655 pectora
1085 1555 1170 1630 telo.

416 1685 551 1762 Arcuit
564 1690 804 1790 omnipotens
822 1691 1059 1789 :pariterque
1074 1690 1248 1788 ipsosque
1262 1687 1441 1784 nefasque

417 1817 578 1894 Sustth
591 1851 602 1917 3
619 1833 656 1895 et
669 1823 781 1898 celeri
797 1835 921 1921 raptos
934 1849 1003 1921 per
1015 1822 1144 1896 inania
1156 1831 1272 1895 vento

419 1950 606 2050 Imposuit
619 1953 734 2052 coelo,
751 1953 953 2052 vicinaque
966 1952 1088 2027 sidera
1101 1951 1199 2026 fecit.

420 2205 506 2281 XV.
534 2211 637 2282 Deos
653 2215 770 2282 motis
783 2224 916 2284 exorat
925 2215 1025 2284 June
1039 2235 1087 2284 ne
1103 2215 1155 2284 sit
1165 2213 1266 2283 bisce
1283 2209 1467 2284 sideribus

607 2338 711 2410 novas
730 2339 770 2409 in
786 2363 912 2410 eorum
930 2343 1126 2437 imperium
1143 2341 1282 2412 adibas.

471 2579 714 2655 laruarum
727 2581 848 2676 luno,
864 2591 950 2679 post
962 2579 1078 2678 quim
1094 2580 1195 2654 inter
1207 2577 1328 2653 sidera
1341 2577 1467 2676 pellex

289 2739 294 2758 ¹
423 2707 543 2781 Fulsit
560 2737 568 2782 :
585 2707 682 2783 etad
697 2735 828 2784 canam
842 2709 1035 2784 descendit
1048 2709 1091 2783 in
1104 2732 1255 2807 aequora
1266 2705 1439 2804 Tethyn,

423 2843 693 2939 Oceanumque
707 2867 835 2916 senem
849 2832 1044 2938 3⁴quorum
1059 2838 1270 2914 reverentia
1282 2834 1407 2911 movit

423 2971 527 3070 Soepe
538 2972 639 3044 Deos
654 2999 662 3046 ε
677 2997 901 3070 causamque
916 2973 990 3046 viae
1003 2971 1224 3046 scitantibus
1239 2967 1337 3042 infit.

473 3098 671 3193 Quaeritis,
687 3097 859 3172 aethereis
872 3124 989 3196 quare
1004 3098 1133 3195 regina
1146 3097 1315 3170 Deorum

422 3212 581 3302 Sedibus
594 3230 672 3304 huc
684 3230 827 3306 adsim?
837 3257 909 3329 pro
921 3257 983 3304 me
997 3240 1101 3304 tenet
1117 3229 1234 3303 altera
1247 3225 1401 3301 ooelum.
1420 3287 1430 3299 .

423 3359 604 3457 Menneu,
620 3363 827 3436 obscurum
841 3362 917 3436 nisi
930 3389 1009 3436 nox
1022 3364 1111 3436 cum
1126 3359 1256 3434 feeerit
1268 3358 1419 3449 orbem,

466 3576 475 3606 ¹
498 3572 609 3642 Ovide,
622 3573 695 3631 dans
708 3575 735 3632 le
746 3575 854 3632 Poe'me
863 3578 915 3631 des
923 3578 1036 3644 Fasces,
1050 3575 1101 3629 liv.
1112 3592 1178 3641 11,a
1188 3569 1318 3646 exprime
1329 3569 1358 3625 la
1368 3565 1464 3623 meme

422 3677 621 3738 circonstance
634 3697 705 3736 avec
718 3697 823 3736 encore
836 3679 904 3754 plus
915 3677 1061 3735 autern.

561 3813 609 3862 111⁶
621 3813 734 3877 quidem,
748 3813 866 3877 mnqrsbm
880 3823 1043 3878 ecgawsceret,
1057 3811 1151 3860 adstitit
1158 3827 1254 3868 canem.

594 3902 628 3950 Et
633 3899 744 3966 gemuit.-
755 3899 858 3966 gemitus
869 3901 948 3948 verba
955 3899 1064 3966 parentis
1076 3909 1153 3947 emat.

565 4019 616 4065 Ello
627 4019 649 4063 le
662 4019 727 4074 volt,
738 4017 850 4070 ιἰηὲῑες
864 4027 888 4064 et
900 4033 938 4064 ses
949 4017 1060 4078 regards,
1072 4031 1109 4063 ses
1119 4018 1180 4072 cris,

565 4105 613 4152 Son
624 4103 719 4153 trouble
730 4103 844 4151 maternel
856 4103 973 4151 semblent
984 4117 1091 4152 nonnos
1103 4117 1146 4148 sou
1156 4098 1200 4145 fils.
