3180 5358
397 593 407 621 ,
435 539 505 614 150
545 551 631 608 cns
660 521 1103 606 nhrsnonrnossa
1132 544 1360 624 nomos,

429 701 605 799 luppiter
622 727 631 771 ε
646 697 740 772 hnic
753 694 841 768 odio
855 718 990 768 nemus
1004 704 1076 792 est,
1092 706 1129 768 et
1145 694 1290 770 conscia
1302 697 1399 769 silva
1412 703 1440 770 ¹.

430 833 560 930 Unde,
574 830 707 931 pedem
724 827 910 922 reserens,
925 851 1033 922 paene
1047 838 1102 899 cst
1117 827 1232 902 oblita
1243 829 1462 926 pharetram

429 963 577 1039 Tollere
590 987 685 1036 cum
694 958 796 1053 telis,
812 968 866 1051 et,
882 980 997 1052 quem
1012 955 1272 1053 suspenderat,
1287 982 1433 1032 arcum.

438 1115 440 1120 ·
478 1093 589 1187 Eoec,
605 1115 673 1164 suo
689 1084 862 1160 comitata
877 1082 995 1156 choro
1010 1067 1203 1182 Dictynna
1218 1111 1286 1182 per
1297 1085 1418 1158 altum

429 1225 616 1304 Maenalon
632 1217 863 1317 ingrediens,
877 1227 915 1289 ct
928 1215 1028 1289 <aede
1045 1219 1205 1314 superba
1218 1217 1403 1314 ferarum,

365 1317 371 1330 .
431 1353 574 1453 Aspicit
587 1350 703 1444 hanc,
720 1345 915 1441 visamque
932 1354 1041 1416 vocat
1059 1370 1066 1414 :
1082 1342 1235 1418 clamata
1248 1342 1406 1441 refugit,

430 1485 478 1558 Et
490 1473 777 1576 timuitprimb,
793 1500 842 1547 ne
856 1472 1031 1569 luppiter
1046 1483 1141 1545 esset
1153 1472 1194 1544 in
1207 1471 1282 1546 illa.

430 1595 501 1694 'sed
516 1625 600 1714 post
615 1611 731 1708 qn'am
743 1607 883 1706 pariter
895 1605 1089 1704 Nymphas
1102 1605 1274 1680 incedere
1287 1607 1403 1704 vidit,

430 1745 552 1820 Sensit
563 1744 687 1817 abesse
700 1739 805 1812 dolos
821 1767 828 1810 τ
845 1762 1125 1833 numerumque
1137 1739 1286 1812 accessit
1298 1738 1345 1810 ad
1358 1737 1509 1812 harum.

430 1878 529 1952 Heu!
549 1872 665 1969 quam
677 1866 827 1941 difficile
840 1877 913 1962 cst,
928 1865 1073 1940 crimen
1087 1891 1166 1939 non
1179 1866 1338 1963 pmdere
1351 1868 1482 1942 vultul

398 1999 403 2006 ’
430 2005 508 2078 Vix
520 2002 647 2076 oculos
660 1997 795 2106 attollit
808 1998 929 2073 humo
947 2026 955 2070 :
972 2023 1057 2094 nec,
1074 2011 1217 2072 utente
1233 1999 1372 2074 solebat
1389 2029 1397 2074 :

430 2144 566 2216 lancta
580 2137 669 2210 Deae
682 2133 809 2229 lateri,
825 2159 895 2206 nec
910 2146 989 2207 toto
1003 2145 1058 2208 est
1072 2135 1219 2233 agmine
1234 2137 1382 2235 prima:
1402 2144 1407 2154 ’

431 2271 502 2345 Sed
517 2269 619 2358 silet,
634 2277 671 2338 et
683 2265 762 2338 laesi
775 2264 838 2338 dat
852 2265 954 2364 signa
968 2268 1108 2341 rubore
1124 2268 1290 2364 pudoris.

432 2401 496 2494 Et,
510 2397 586 2471 nisi
598 2393 700 2493 quod
714 2394 820 2492 virgo
835 2408 906 2494 est,
921 2408 1065 2494 poterat
1079 2399 1217 2486 sentire
1228 2401 1350 2474 Diana

430 2531 534 2606 Mille
549 2527 649 2604 notis
663 2525 812 2629 culpam
830 2555 837 2599 :
854 2526 1040 2624 Nymphae
1056 2529 1211 2602 semisse
1225 2527 1415 2602 feruntur.

480 2662 582 2738 Orbe
598 2637 838 2756 resurgebant
851 2657 999 2731 lunaria
1014 2685 1155 2733 cornua
1169 2686 1299 2756 nono,

431 2795 528 2869 cnm
541 2795 619 2868 Dea
632 2791 825 2886 venatrix,
839 2789 1014 2864 fraternis
1027 2791 1202 2890 languida
1213 2791 1396 2887 flanrmis,

324 2976 328 2982 -
430 2925 544 2999 Nacta
556 2948 691 2996 nemus
705 2920 888 3019 gelidum,
903 2920 951 2995 de
965 2948 1042 3020 quo
1055 2948 1143 2998 oum
1157 2949 1355 3026 murmure
1367 2923 1490 2998 labens

433 3053 530 3151 Ibat,
545 3066 582 3127 et
596 3055 739 3130 attritas
750 3053 921 3126 versabat
934 3053 1041 3128 rivus
1056 3081 1196 3129 arenas.

475 3272 483 3300 ¹
503 3265 633 3323 Conscia.
645 3265 726 3323 Cotto
736 3265 861 3340 epitheta
872 3253 914 3324 cst
923 3265 960 3324 de
970 3269 998 3325 la
1007 3239 1075 3344 plns
1084 3268 1196 3346 grande
1204 3269 1294 3326 soree.
1302 3249 1460 3345 b’epithete

432 3345 853 3441 distingueparticulierement
860 3367 887 3423 la
895 3368 993 3441 poesie
1000 3368 1036 3425 de
1046 3369 1178 3444 leprose,
1186 3367 1458 3442 independamment

431 3461 476 3519 du
494 3461 630 3538 rhythmo
648 3461 730 3518 etde
750 3463 779 3518 la
796 3481 922 3522 mesore.
944 3467 981 3522 Et
997 3465 1091 3543 qu’on
1110 3487 1147 3524 ne
1165 3465 1313 3542 s'imagine
1332 3485 1386 3543 pos
1404 3487 1459 3544 que

432 3559 584 3616 l'heureux
596 3557 683 3616 choix
698 3557 748 3616 des
765 3560 905 3634 epithetes
924 3563 980 3620 soit
994 3576 1150 3639 peremant
1167 3564 1319 3641 l’ouvrage
1335 3565 1373 3622 de
1387 3566 1458 3622 l’art.

376 3789 381 3796 ·
431 3757 585 3832 s'exprime
597 3775 710 3814 comme
722 3757 742 3814 il
756 3771 829 3815 sent.
846 3759 1005 3835 L’epithhte
1019 3782 1078 3838 que
1088 3762 1118 3836 je
1134 3780 1290 3840 remarque
1300 3763 1338 3836 ici
1349 3775 1392 3820 est
1404 3781 1458 3821 une

431 3857 600 3932 expression
608 3856 650 3914 du
656 3857 777 3935 chagrin
784 3861 915 3936 prolond
923 3861 961 3921 de
969 3863 1089 3934 eante,
1098 3863 1160 3940 qui,
1168 3862 1241 3924 dan·
1251 3883 1307 3924 ton
1313 3865 1457 3932 malheur,

1568 3227 1569 3271 l

1568 3303 1569 3336 l

1568 3337 1569 3386 l

1568 3539 1569 3630 l

433 3659 458 3714 ll
474 3657 547 3716 tient
562 3659 718 3733 beaucoup
735 3659 1021 3732 hl'enthousiasme,
1042 3664 1095 3740 qui
1113 3674 1178 3721 sent
1197 3683 1267 3721 avec
1283 3663 1417 3742 energia,
1432 3675 1459 3720 et

433 3953 725 4016 coaccuselaloret.

1568 4213 1569 4250 l

1568 4251 1569 4286 l

1568 4393 1569 4436 l
