3184 5346
799 309 814 344 Ι

411 575 490 650 258
535 591 620 648 cns
649 552 1089 647 nirsuournosns
1120 587 1350 666 novior,

416 739 556 846 Nubila
571 771 580 817 ε
596 741 683 842 quis
696 741 866 832 nimbos,
881 739 1132 838 immixtaque
1144 739 1295 840 fulguru
1307 741 1432 816 ventis

417 871 594 971 Addidit,
610 886 647 947 ct
659 853 842 966 tonitrus,
859 882 897 942 et
908 869 1127 944 inevitabile
1139 869 1298 947 fulmen.

418 1006 504 1094 Qut
520 1017 647 1082 umen
662 1029 785 1101 usque
799 1013 937 1100 potest,
952 1005 1054 1078 vires
1067 1005 1140 1079 sibi
1156 1005 1308 1082 demere
1321 1017 1441 1080 tentat
1457 1033 1465 1076 :

416 1139 512 1238 Nec,
528 1163 605 1238 quo
618 1135 879 1210 centimanum
892 1133 1076 1230 dejecerat
1089 1137 1176 1234 igne
1187 1135 1362 1236 Typhoea
1370 1194 1382 1235 ,

416 1276 530 1349 Nunc
542 1283 712 1348 armatur
726 1295 770 1342 eo
788 1297 796 1342 :
813 1267 981 1340 nimium
995 1265 1155 1342 feritatis
1172 1268 1216 1341 in
1231 1267 1310 1342 illo.

345 1433 351 1448 ·
420 1409 484 1484 Est
496 1407 600 1483 eliud
615 1407 740 1482 levius
751 1403 922 1500 sulmen3
939 1405 1004 1478 cui
1018 1403 1153 1478 dextra
1166 1403 1373 1502 Cyclopum

419 1541 602 1635 Saevitiae3
617 1537 855 1632 flommaeque
868 1533 1018 1630 minus,
1036 1533 1166 1607 minus
1179 1533 1325 1608 addidit
1338 1533 1421 1606 ine:

418 1665 510 1742 Tela
525 1663 690 1742 secunda
708 1671 716 1702 ¹
732 1672 870 1737 vocant
883 1659 1020 1774 Souperi
1036 1688 1044 1733 :
1060 1661 1160 1758 capit
1174 1661 1258 1757 illa3
1275 1660 1509 1758 domumque

418 1803 542 1877 intrat
553 1799 797 1898 Agenoream
815 1795 962 1892 Corpus
979 1795 1137 1870 mortale
1150 1795 1339 1870 tumultus

417 1935 505 2010 Non
517 1931 609 2008 tulit
622 1931 823 2027 aethereos,
838 1928 1025 2026 donisque
1040 1929 1227 2026 jugalibus
1243 1931 1346 2004 arsit.

467 2067 714 2167 Imperfectus
731 2065 856 2140 sdhuc
870 2063 995 2141 infans
1012 2066 1203 2164 genitricis
1219 2068 1266 2141 ab
1279 2067 1367 2142 alvo

419 2204 613 2303 Eripitur,
629 2205 827 2300 patrioque
841 2212 967 2298 tener,
984 2201 1016 2275 si
1034 2201 1186 2276 credere
1202 2201 1380 2301 dignum,

419 2337 593 2412 insuitur
609 2333 763 2432 femori,
778 2325 1024 2434 mateineque
1037 2347 1208 2434 tempora
1221 2338 1383 2436 complet
1396 2343 1420 2410 ¹.

420 2467 570 2546 Furtim
587 2468 699 2542 illum
715 2467 850 2565 primis
866 2465 937 2542 luo
954 2477 1154 2542 matertera
1166 2467 1276 2540 cunis

421 2603 566 2680 Educet
582 2632 590 2678 :
606 2603 696 2678 inde
710 2602 842 2678 datum
856 2593 1043 2702 Nymph'ae
1058 2602 1227 2679 Nise‘ides
1241 2603 1359 2679 anuis

425 2740 635 2822 Occuluere
648 2737 747 2836 suis,
761 2736 941 2834 lactisque
954 2737 1133 2813 alimenta
1148 2737 1296 2814 dedere.

467 2969 478 3002 ¹
510 2971 564 3026 Cet
583 2966 751 3026 hemistiche
770 2978 815 3026 est
832 2967 1020 3026 absolonem
1035 2967 1256 3028 umentibus
1271 2971 1322 3028 On
1337 2987 1375 3028 ne
1390 2983 1460 3046 pem

424 3067 520 3126 meme
540 3066 715 3146 l’expliquer
736 3066 810 3124 dans
830 3085 890 3124 une
908 3077 979 3124 note
999 3067 1089 3142 qu'eu
1106 3087 1137 3126 se
1156 3079 1277 3126 servam
1293 3067 1383 3126 d’une
1400 3069 1462 3126 idte

424 3167 578 3226 moderno.
591 3192 605 3220 ι
617 3169 735 3226 C'estce
746 3169 855 3244 quoles
865 3167 954 3226 dieux
963 3169 1111 3244 appellent
1121 3168 1426 3247 sonsrtillerieltgire
1437 3195 1461 3253 ς.

425 3269 476 3324 Au
493 3267 632 3341 sut-plus,
654 3286 695 3323 on
708 3277 782 3342 peut
800 3267 869 3324 voir
885 3286 925 3325 ou
943 3265 1084 3326 huitieme
1099 3269 1173 3326 livre
1188 3269 1225 3326 de
1241 3255 1388 3340 ΙἘιιέῑάο,
1406 3291 1464 3328 uno

424 3365 604 3442 description
625 3369 764 3444 poetique
783 3368 834 3428 des
855 3371 990 3429 mutieres
1008 3375 1177 3450 employtcs
1193 3392 1249 3450 par
1265 3376 1310 3433 les
1321 3375 1464 3454 Cyclopes

424 3463 499 3542 dans
513 3467 541 3522 la
555 3467 754 3542 composition
767 3468 804 3526 de
817 3470 845 3525 ln
857 3471 976 3528 sondro.
1096 3513 1109 3538 .

468 3573 482 3604 ²
505 3569 590 3630 Cotto
607 3571 717 3629 double
736 3573 886 3632 nsissance
902 3576 939 3632 de
953 3577 1083 3636 Bocchus
1103 3589 1220 3638 estune
1235 3581 1428 3660 imagination
1444 3583 1470 3640 si

425 3669 558 3737 bieme,
573 3668 631 3740 elle·
641 3671 774 3746 repugno
790 3671 814 3726 si
827 3671 888 3728 sort
902 3673 919 3730 i
933 3694 987 3732 uos
1002 3676 1192 3752 conceptione
1204 3679 1382 3750 modorum,
1396 3683 1470 3757 qu'il

425 3768 476 3844 n'y
498 3766 578 3824 avait
604 3765 668 3824 rien
689 3767 771 3825 desi
792 3768 909 3828 difficile
933 3773 951 3830 d
970 3773 1077 3831 rendre
1102 3794 1139 3832 en
1161 3794 1229 3832 vers
1247 3776 1378 3856 lranpnis
1399 3799 1472 3840 avec

426 3866 561 3924 noblesse
575 3877 604 3923 et
615 3866 772 3940 precision.
786 3869 831 3924 En
842 3870 962 3952 porcille
975 3885 1149 3942 rencontre‚
1159 3871 1278 3947 joindre
1291 3876 1320 3934 ln
1332 3875 1472 3939 fidelite'n

427 3969 598 4045 telegono),
614 3964 682 4026 c'e‘st
695 3970 722 4028 le
734 3991 787 4028 uec
791 3975 865 4048 plus
878 3975 954 4032 ultrci
968 3975 1004 4032 de
1018 3976 1084 4036 l’art
1097 3977 1134 4036 de
1148 3975 1290 4036 traduire.
1391 3993 1395 4002 ’
