3184 5346
405 509 477 588 264
522 526 609 584 aas
639 499 1075 581 nsrsnoarnosas
1102 519 1330 600 novior,

628 736 703 810 lx.
729 735 887 808 Mutata
904 734 945 805 in
960 757 1084 807 vocem
1097 733 1219 804 Echo.

453 952 633 1036 Janonn
649 959 708 1022 ter
722 945 771 1020 ad
784 943 925 1049 quinos
939 919 1065 1017 unuin
1081 940 1282 1040 Cephisius
1294 965 1442 1018 annum

405 1079 613 1156 Addiderat
630 1108 637 1152 :
652 1086 873 1176 poteratque
886 1099 1001 1171 puer,
1017 1071 1245 1168 juvenisqae
1258 1069 1395 1150 rideri.

405 1207 520 1284 Multi
536 1207 647 1281 illurn
661 1208 840 1302 juvenes,
855 1203 987 1280 multe
1002 1199 1155 1304 cupidre
1167 1202 1303 1301 puelle
1319 1229 1328 1276 ε

405 1337 479 1412 Sed
494 1337 567 1412 fuit
580 1338 622 1412 in
635 1333 764 1410 tenent
776 1345 855 1410 tam
867 1333 950 1412 dira
963 1333 1138 1432 superbia
1150 1332 1291 1429 formai,

336 1553 340 1562 ¹
406 1465 514 1542 Nulli
526 1466 637 1546 illum
650 1467 829 1561 juvenes,
850 1463 968 1538 nullm
982 1464 1134 1562 tetigdre
1148 1465 1298 1562 puellae.

406 1594 552 1691 Aspicit
563 1593 688 1689 hunc,
704 1590 870 1688 trepidos
884 1590 1085 1688 agitantw
1099 1591 1143 1672 in
1157 1591 1253 1674 retia
1269 1616 1423 1686 cervos,

407 1723 555 1798 vocatis
568 1722 745 1821 Nympho
759 1753 771 1818 ;
787 1747 874 1819 quse
886 1746 957 1810 nec
970 1722 1126 1802 reticere
1139 1721 1333 1819 loquenti,

409 1854 486 1928 Nec
497 1855 604 1952 prior
618 1855 699 1949 ipsa
711 1852 819 1949 loqui
834 1852 990 1950 didicit,
1004 1854 1227 1933 resonabilis
1239 1855 1354 1934 Echo

411 1984 558 2080 Corpus
574 1989 582 2017 ¹
598 1979 725 2054 adhue
738 1978 842 2056 Eeho
851 2038 862 2077 ,
879 2005 960 2054 non
973 2006 1053 2056 vox
1068 1996 1148 2058 erat
1167 1995 1230 2060 :et
1240 1995 1367 2060 nmen
1383 2007 1496 2057 urum

409 2117 571 2190 Garrula
584 2140 664 2190 non
676 2113 814 2211 alium,
830 2115 951 2212 qudnr
959 2139 1066 2196 nunc
1078 2114 1212 2212 habet,
1224 2117 1303 2199 oris
1315 2117 1493 2210 habebet5

410 2244 581 2320 Reddere
593 2245 642 2321 de
654 2243 786 2320 multis
798 2256 844 2318 nt
859 2245 976 2322 verba
987 2245 1195 2320 novissima
1206 2257 1341 2343 pom.

333 2377 335 2382 ’
411 2375 563 2450 Fecerat
577 2373 650 2448 hoc
666 2373 687 2448 J
690 2398 768 2446 uno
786 2402 794 2447 :
810 2374 922 2471 quia,
936 2376 1026 2450 ciam
1040 2375 1273 2473 deprendere
1288 2387 1411 2476 posset

411 2507 494 2580 Sub
506 2507 601 2582 Jove
616 2531 713 2604 saepe
729 2530 799 2579 sno
813 2505 1008 2604 Nymphas
1022 2506 1064 2582 in
1077 2521 1207 2587 monte
1221 2511 1401 2608 jacentes,

358 2719 362 2728 ,
411 2639 482 2714 Ula
496 2641 615 2714 Deam
627 2637 740 2735 longo
755 2637 925 2735 prudens
940 2663 1113 2716 sermone
1127 2641 1295 2736 tenebat,
1328 2689 1341 2719 .

414 2773 520 2849 Dum
533 2769 705 2870 fugerent
718 2769 918 2868 Nymphae.
934 2769 1023 2846 Post
1036 2769 1151 2866 qutun
1166 2768 1344 2844 Saturnia
1354 2769 1487 2864 senait3

415 2904 559 3001 Hujus,
576 2902 646 2999 ait,
660 2903 819 3010 linguas,¹
832 2899 909 2999 qut
922 2925 1009 2976 snm
1022 2877 1172 2997 delusi,
1186 2911 1346 2996 poteras

414 3037 537 3112 Parra
549 3033 621 3107 tibi
633 3031 807 3129 dabitur,
821 3030 1001 3129 vocisque
1015 3027 1264 3104 brevissimus
1280 3053 1385 3104 usus.

416 3165 549 3262 Reque
561 3162 684 3236 minas
700 3159 826 3236 firmat
841 3190 849 3234 :
865 3172 992 3234 tamen
1008 3158 1091 3234 haec
1104 3158 1146 3232 in
1158 3156 1234 3232 fine
1248 3157 1430 3254 loquendi

416 3289 628 3389 ingeminat
643 3317 769 3386 voces,
784 3289 987 3386 auditaque
1000 3291 1116 3364 verba
1128 3300 1293 3390 reportat
1306 3297 1332 3364 ⁸.

461 3469 472 3501 ¹
499 3466 618 3544 Corpus.
631 3467 673 3526 Co
682 3485 741 3544 que
754 3485 786 3525 ce
796 3479 860 3526 mot
870 3468 969 3527 donne
980 3469 997 3526 i
1007 3467 1148 3527 entendre
1160 3468 1241 3528 avait
1249 3467 1353 3528 besoin
1362 3469 1456 3528 d'dre

418 3565 583 3642 developpe
600 3563 675 3622 dans
693 3563 723 3622 ln
743 3568 871 3626 version.
892 3570 935 3628 La
948 3569 1038 3627 lettre
1054 3569 1133 3628 seule
1149 3570 1218 3628 n'en
1231 3569 1282 3628 adt
1292 3586 1347 3645 pas
1361 3568 1457 3627 rendn

278 3731 281 3738 ⁴
418 3662 541 3740 l’erprit.

461 3768 475 3798 ⁸
492 3759 587 3821 Ovide
598 3759 729 3838 exprime
738 3762 925 3821 avecfaciiitd
934 3777 1002 3823 tout
1012 3783 1044 3822 ce
1053 3764 1127 3842 qu'il
1135 3763 1289 3823 rentdire.
1299 3766 1337 3824 Sa
1346 3766 1457 3841 langue

421 3867 464 3940 s’y
471 3861 645 3940 prdieMais
653 3863 927 3922 cambienn’etait-il
935 3883 988 3940 pas
996 3865 1113 3923 difficile
1121 3863 1158 3922 de
1168 3865 1458 3942 rendreensraneaia

423 3983 454 4022 ce
467 3981 532 4023 vers
542 3980 594 4024 rur
603 3961 701 4048 Echo,
713 3972 742 4022 et
755 3973 908 4026 ronceux
918 3963 972 4044 qui
982 3973 1034 4028 ont
1044 3974 1168 4043 rapport
1183 3961 1238 4022 ila
1249 3963 1344 4026 meme
1356 3959 1420 4020 idda
1431 3963 1440 4018 t
