3150 5354
432 641 499 710 ψ
549 595 635 691 nus
666 605 1102 688 udrauoupuosus
1131 631 1357 710 mortus,

366 859 367 866 ἵ
428 779 617 853 Clauserat
632 779 758 852 Actaeo
771 775 874 851 texta
887 776 935 851 de
948 777 1095 852 vimine
1108 779 1199 854 cisra
1214 787 1243 877 ¹3

279 1003 282 1010 .
327 977 331 985 ,
427 907 720 1008 virginibusque
736 910 859 983 tribus
876 911 1026 1008 gemino
1043 911 1090 984 de
1105 913 1267 1012 Cecrope
1284 917 1385 988 natis

428 1039 534 1114 Hanc
548 1041 666 1140 legem
682 1041 857 1138 dederat,
873 1069 941 1115 sua
957 1069 1006 1116 ne
1022 1056 1161 1118 secreta
1177 1045 1364 1122 viderent.
1403 1120 1407 1124 .

427 1177 565 1252 Abdita
579 1177 713 1252 fronde
727 1178 825 1274 levi,
846 1177 962 1252 densa
978 1181 1195 1278 speculabar
1210 1183 1258 1256 ab
1273 1185 1402 1280 ulmo,

429 1309 533 1398 Quid
547 1311 721 1387 fecerent.
738 1312 945 1387 Commissa
957 1313 1043 1388 duae
1056 1313 1138 1388 sine
1150 1313 1284 1390 fraude
1295 1326 1476 1408 tuentur,

380 1541 386 1546 ‚
427 1441 636 1516 Pandrosos
651 1455 764 1540 atque
780 1441 897 1516 Herse
915 1471 923 1514 :
939 1442 1091 1517 timidas
1107 1457 1217 1520 vocat
1232 1472 1311 1518 una
1326 1469 1473 1519 sorores

429 1577 626 1673 Aglauros,
642 1575 836 1673 nodosque
853 1602 972 1650 mauu
990 1574 1138 1653 diducit
1154 1607 1162 1652 :
1178 1591 1217 1653 at
1232 1579 1336 1654 intus

428 1707 691 1805 Infamemque
699 1707 862 1804 ndens,
881 1721 1222 1808 apporrectumque
1236 1717 1249 1748 ⁸
1262 1710 1480 1786 draconem.

428 1841 522 1916 Acta
536 1843 625 1916 Deae
642 1841 784 1916 refero:
801 1866 962 1939 proquo
979 1843 1078 1918 mihi
1093 1845 1209 1942 gratia
1224 1845 1307 1920 talis

430 1970 631 2068 Redditur,
650 1983 695 2044 ut
708 1971 815 2045 dicar
831 1971 949 2044 tutela
964 1972 1073 2068 pulsa
1089 1971 1298 2070 Minervae3

430 2108 477 2181 Et
488 2133 608 2206 ponar
622 2117 706 2203 post
717 2103 837 2178 noctis
851 2131 973 2180 avem.
989 2105 1074 2180 Mea
1086 2131 1200 2204 poena
1212 2107 1387 2180 volucres

430 2239 680 2314 Admonuisse
696 2249 836 2336 potest,
855 2248 910 2313 ne'
921 2265 1013 2315 voce
1029 2240 1197 2337 pericula
1208 2249 1393 2338 quaerant.
1508 2237 1515 2250 '

414 2409 423 2432 ·
478 2371 546 2466 At,
563 2381 673 2468 puto,
689 2395 768 2443 non
781 2369 903 2468 ultro,
919 2397 990 2445 uec
1003 2371 1207 2468 quicquam
1220 2371 1292 2444 tale
1304 2380 1498 2466 rogantem

430 2504 492 2578 Me
508 2503 627 2601 petiit.
646 2503 731 2601 Ipsd
742 2505 830 2578 licet
845 2504 954 2581 hoca
971 2506 1120 2582 Pallade
1136 2533 1303 2604 quaeras,

430 2637 615 2724 Quamvis
630 2637 725 2712 irata
741 2651 815 2738 est,
833 2666 914 2715 non
929 2639 1004 2716 hoc
1020 2641 1115 2715 irata
1132 2640 1291 2738 negabit.

429 2767 525 2842 Nam
539 2795 600 2842 me
614 2766 797 2842 Phoca'r'cd
809 2767 931 2842 clarus
946 2767 1080 2842 tellure
1097 2769 1309 2864 Coroneus,

431 2901 526 2974 Nota
540 2902 696 2999 loquor,
715 2899 845 2997 genuit
861 2929 868 2972 :
884 2877 1107 2997 fueramque
1123 2925 1188 2996 ego
1201 2900 1299 2997 regia
1312 2897 1438 2994 virg03
1571 2951 1572 2958 κ

431 3033 701 3131 Divitibusque
716 3031 860 3129 procis,
879 3057 929 3106 ne
945 3055 1010 3106 me
1022 3045 1241 3136 contemne,
1256 3031 1420 3130 petebar.

652 3263 790 3340 XVIII.
823 3210 973 3338 Coronis
991 3269 1031 3338 in
1049 3266 1249 3338 Comicem.
1311 3293 1314 3300 ¹

482 3489 634 3563 Fouun
647 3489 745 3562 mihi
758 3491 889 3566 nocuit
905 3521 913 3565 ε
930 3518 1037 3588 nam,
1052 3491 1146 3566 dum
1164 3519 1231 3589 per
1244 3490 1354 3566 litora
1365 3490 1482 3565 lentis

433 3618 623 3716 Passibus,
639 3633 684 3694 ut
699 3622 817 3720 soleO,
836 3623 985 3698 summai
1000 3625 1180 3722 spatiarer
1191 3625 1323 3721 arent,

478 3829 486 3856 ’
515 3824 610 3892 Cirta,
625 3821 717 3880 eostre
728 3822 853 3892 doner,
867 3825 1006 3900 murder,
1021 3823 1158 3882 corbeille
1172 3824 1329 3902 mystique.

478 3929 492 3959 ⁵
518 3927 751 4000 Apponectum,
779 3924 921 4002 participe
946 3924 988 3984 du
1014 3925 1103 3986 verbe
1128 3923 1237 3985 inusitd
1261 3924 1473 4003 appcm‘gere,

438 4023 577 4104 mentire,
594 4017 721 4079 conober
735 4020 851 4096 cupels.
