<?xml version="1.0" encoding="UTF-8"?>
<!DOCTYPE html PUBLIC "-//W3C//DTD XHTML 1.0 Transitional//EN"
    "http://www.w3.org/TR/xhtml1/DTD/xhtml1-transitional.dtd">
<html xmlns="http://www.w3.org/1999/xhtml" xml:lang="en" lang="en">
 <head>
  <title>
</title>
<meta http-equiv="Content-Type" content="text/html;charset=utf-8" />
  <meta name='ocr-system' content='tesseract 3.04.00' />
  <meta name='ocr-capabilities' content='ocr_page ocr_carea ocr_par ocr_line ocrx_word'/>
</head>
<body>
  <div class='ocr_page' id='page_1' title='image "./lesmtamorphoses00saingoog_0280.png"; bbox 0 0 3180 5358; ppageno 0'>
   <div class='ocr_carea' id='block_1_1' title="bbox 445 615 1364 720">
    <p class='ocr_par' dir='ltr' id='par_1_1' title="bbox 445 615 1364 720">
     <span class='ocr_line' id='line_1_1' title="bbox 445 615 1364 720; baseline 0 -20"><span class='ocrx_word' id='word_1_1' title='bbox 445 627 513 702; x_wconf 74' lang='lat'>1&#39;56</span> <span class='ocrx_word' id='word_1_2' title='bbox 555 645 639 700; x_wconf 77' lang='lat' dir='ltr'>uus</span> <span class='ocrx_word' id='word_1_3' title='bbox 669 615 1108 698; x_wconf 64' lang='lat' dir='ltr'>uerrucaruosus</span> <span class='ocrx_word' id='word_1_4' title='bbox 1139 643 1364 720; x_wconf 70' lang='lat' dir='ltr'>novum,</span> 
     </span>
    </p>
   </div>
   <div class='ocr_carea' id='block_1_2' title="bbox 437 788 1573 1148">
    <p class='ocr_par' dir='ltr' id='par_1_2' title="bbox 437 788 1573 1148">
     <span class='ocr_line' id='line_1_2' title="bbox 437 788 1334 888; baseline -0.002 -24"><span class='ocrx_word' id='word_1_5' title='bbox 437 791 586 888; x_wconf 84' lang='lat' dir='ltr'>Colligit</span> <span class='ocrx_word' id='word_1_6' title='bbox 597 802 780 885; x_wconf 85' lang='lat' dir='ltr'><strong>amentes,</strong></span> <span class='ocrx_word' id='word_1_7' title='bbox 796 800 833 861; x_wconf 83' lang='lat' dir='ltr'>et</span> <span class='ocrx_word' id='word_1_8' title='bbox 845 788 970 862; x_wconf 87' lang='lat' dir='ltr'>adhuc</span> <span class='ocrx_word' id='word_1_9' title='bbox 983 800 1126 862; x_wconf 83' lang='lat' dir='ltr'>terrore</span> <span class='ocrx_word' id='word_1_10' title='bbox 1139 801 1334 886; x_wconf 87' lang='lat' dir='ltr'>paventes,</span> 
     </span>
     <span class='ocr_line' id='line_1_3' title="bbox 437 901 1573 1018; baseline -0.008 -26"><span class='ocrx_word' id='word_1_11' title='bbox 437 919 605 996; x_wconf 86' lang='lat' dir='ltr'>Phoebus</span> <span class='ocrx_word' id='word_1_12' title='bbox 614 915 1491 1018; x_wconf 83' lang='lat' dir='ltr'>equos:stimuloquedomausetvcrbere,saevit;</span> <span class='ocrx_word' id='word_1_13' title='bbox 1572 901 1573 920; x_wconf 51' lang='lat'>¹</span> 
     </span>
     <span class='ocr_line' id='line_1_4' title="bbox 437 1021 1401 1148; baseline -0.005 -25"><span class='ocrx_word' id='word_1_14' title='bbox 437 1050 554 1126; x_wconf 85' lang='lat' dir='ltr'>Saevit</span> <span class='ocrx_word' id='word_1_15' title='bbox 565 1053 685 1148; x_wconf 84' lang='lat' dir='ltr'>enim,</span> <span class='ocrx_word' id='word_1_16' title='bbox 700 1061 909 1146; x_wconf 82' lang='lat' dir='ltr'>natumque</span> <span class='ocrx_word' id='word_1_17' title='bbox 921 1049 1079 1144; x_wconf 81' lang='lat' dir='ltr'>objectat</span> <span class='ocrx_word' id='word_1_18' title='bbox 1092 1060 1130 1122; x_wconf 88' lang='lat' dir='ltr'>et</span> <span class='ocrx_word' id='word_1_19' title='bbox 1142 1021 1303 1146; x_wconf 68' lang='lat' dir='ltr'>imputat</span> <span class='ocrx_word' id='word_1_20' title='bbox 1315 1047 1401 1120; x_wconf 92' lang='lat' dir='ltr'>illis.</span> 
     </span>
    </p>
   </div>
   <div class='ocr_carea' id='block_1_3' title="bbox 687 1261 1348 1424">
    <p class='ocr_par' dir='ltr' id='par_1_3' title="bbox 687 1261 1348 1424">
     <span class='ocr_line' id='line_1_5' title="bbox 687 1261 1348 1424; baseline 0 -38"><span class='ocrx_word' id='word_1_21' title='bbox 687 1313 782 1387; x_wconf 87' lang='lat' dir='ltr'>xu.</span> <span class='ocrx_word' id='word_1_22' title='bbox 814 1261 1225 1412; x_wconf 66' lang='lat' dir='ltr'>cazouovopemx.</span> <span class='ocrx_word' id='word_1_23' title='bbox 1342 1421 1348 1424; x_wconf 26' lang='grc'>-</span> 
     </span>
    </p>
   </div>
   <div class='ocr_carea' id='block_1_4' title="bbox 325 1569 1573 3630">
    <p class='ocr_par' dir='ltr' id='par_1_4' title="bbox 325 1569 1437 2578">
     <span class='ocr_line' id='line_1_6' title="bbox 465 1569 1353 1669; baseline 0 -28"><span class='ocrx_word' id='word_1_24' title='bbox 465 1613 470 1626; x_wconf 83' lang='grc'>-</span> <span class='ocrx_word' id='word_1_25' title='bbox 485 1569 548 1644; x_wconf 80' lang='lat' dir='ltr'>Ar</span> <span class='ocrx_word' id='word_1_26' title='bbox 564 1583 669 1667; x_wconf 86' lang='lat' dir='ltr'>pater</span> <span class='ocrx_word' id='word_1_27' title='bbox 682 1570 920 1669; x_wconf 88' lang='lat' dir='ltr'>omnipotens</span> <span class='ocrx_word' id='word_1_28' title='bbox 934 1569 1099 1668; x_wconf 83' lang='lat' dir='ltr'>ingentia</span> <span class='ocrx_word' id='word_1_29' title='bbox 1111 1569 1253 1644; x_wconf 85' lang='lat' dir='ltr'>moenia</span> <span class='ocrx_word' id='word_1_30' title='bbox 1267 1569 1353 1643; x_wconf 89' lang='lat' dir='ltr'>coeli</span> 
     </span>
     <span class='ocr_line' id='line_1_7' title="bbox 435 1699 1354 1802; baseline 0.001 -29"><span class='ocrx_word' id='word_1_31' title='bbox 435 1699 579 1775; x_wconf 83' lang='lat' dir='ltr'>Circuit</span> <span class='ocrx_word' id='word_1_32' title='bbox 596 1733 603 1777; x_wconf 94' lang='lat'><strong>:</strong></span> <span class='ocrx_word' id='word_1_33' title='bbox 619 1716 674 1800; x_wconf 84' lang='lat' dir='ltr'>et,</span> <span class='ocrx_word' id='word_1_34' title='bbox 688 1731 737 1777; x_wconf 90' lang='lat' dir='ltr'>ne</span> <span class='ocrx_word' id='word_1_35' title='bbox 751 1704 845 1802; x_wconf 88' lang='lat' dir='ltr'>quid</span> <span class='ocrx_word' id='word_1_36' title='bbox 861 1701 1085 1777; x_wconf 87' lang='lat' dir='ltr'>labefactum</span> <span class='ocrx_word' id='word_1_37' title='bbox 1098 1703 1245 1776; x_wconf 87' lang='lat' dir='ltr'>viribus</span> <span class='ocrx_word' id='word_1_38' title='bbox 1259 1703 1354 1800; x_wconf 84' lang='lat' dir='ltr'>ignis</span> 
     </span>
     <span class='ocr_line' id='line_1_8' title="bbox 435 1829 1437 1930; baseline 0.002 -28"><span class='ocrx_word' id='word_1_39' title='bbox 435 1829 611 1926; x_wconf 74' lang='lat' dir='ltr'>corruat,</span> <span class='ocrx_word' id='word_1_40' title='bbox 626 1831 806 1929; x_wconf 80' lang='lat' dir='ltr'><strong>explorat.</strong></span> <span class='ocrx_word' id='word_1_41' title='bbox 823 1831 918 1918; x_wconf 82' lang='lat' dir='ltr'>Quae</span> <span class='ocrx_word' id='word_1_42' title='bbox 931 1845 1016 1929; x_wconf 88' lang='lat' dir='ltr'>post</span> <span class='ocrx_word' id='word_1_43' title='bbox 1031 1832 1146 1930; x_wconf 71' lang='lat' dir='ltr'>quim</span> <span class='ocrx_word' id='word_1_44' title='bbox 1159 1831 1284 1928; x_wconf 85' lang='lat' dir='ltr'>firma,</span> <span class='ocrx_word' id='word_1_45' title='bbox 1301 1831 1437 1928; x_wconf 86' lang='lat' dir='ltr'>suique</span> 
     </span>
     <span class='ocr_line' id='line_1_9' title="bbox 434 1957 1405 2058; baseline 0.005 -28"><span class='ocrx_word' id='word_1_46' title='bbox 434 1957 593 2034; x_wconf 89' lang='lat' dir='ltr'>Roboris</span> <span class='ocrx_word' id='word_1_47' title='bbox 607 1987 683 2034; x_wconf 89' lang='lat' dir='ltr'>esse</span> <span class='ocrx_word' id='word_1_48' title='bbox 696 1962 821 2058; x_wconf 87' lang='lat' dir='ltr'>videt;</span> <span class='ocrx_word' id='word_1_49' title='bbox 838 1973 955 2034; x_wconf 81' lang='lat' dir='ltr'>terras</span> <span class='ocrx_word' id='word_1_50' title='bbox 970 1961 1250 2058; x_wconf 88' lang='lat' dir='ltr'><strong>hominumque</strong></span> <span class='ocrx_word' id='word_1_51' title='bbox 1262 1963 1405 2035; x_wconf 88' lang='lat' dir='ltr'>labores</span> 
     </span>
     <span class='ocr_line' id='line_1_10' title="bbox 433 2092 1334 2191; baseline 0 -27"><span class='ocrx_word' id='word_1_52' title='bbox 433 2092 625 2189; x_wconf 88' lang='lat' dir='ltr'>Perspicit.</span> <span class='ocrx_word' id='word_1_53' title='bbox 643 2092 810 2166; x_wconf 85' lang='lat' dir='ltr'>Arcadiae</span> <span class='ocrx_word' id='word_1_54' title='bbox 824 2105 949 2166; x_wconf 78' lang='lat' dir='ltr'>tomen</span> <span class='ocrx_word' id='word_1_55' title='bbox 966 2106 1020 2167; x_wconf 85' lang='lat' dir='ltr'>est</span> <span class='ocrx_word' id='word_1_56' title='bbox 1033 2094 1239 2191; x_wconf 87' lang='lat' dir='ltr'>impensior</span> <span class='ocrx_word' id='word_1_57' title='bbox 1252 2093 1309 2166; x_wconf 90' lang='lat' dir='ltr'>illi</span> <span class='ocrx_word' id='word_1_58' title='bbox 1326 2101 1334 2130; x_wconf 91' lang='lat'><strong>¹</strong></span> 
     </span>
     <span class='ocr_line' id='line_1_11' title="bbox 434 2218 1404 2315; baseline 0.002 -23"><span class='ocrx_word' id='word_1_59' title='bbox 434 2219 535 2292; x_wconf 82' lang='lat' dir='ltr'>Cura</span> <span class='ocrx_word' id='word_1_60' title='bbox 548 2245 625 2292; x_wconf 81' lang='lat' dir='ltr'>suae</span> <span class='ocrx_word' id='word_1_61' title='bbox 643 2246 651 2290; x_wconf 77' lang='grc' dir='ltr'><strong><em>ε</em></strong></span> <span class='ocrx_word' id='word_1_62' title='bbox 668 2218 883 2315; x_wconf 85' lang='lat' dir='ltr'>fontesque,</span> <span class='ocrx_word' id='word_1_63' title='bbox 899 2233 936 2292; x_wconf 87' lang='lat' dir='ltr'>et</span> <span class='ocrx_word' id='word_1_64' title='bbox 949 2220 1122 2295; x_wconf 90' lang='lat' dir='ltr'>nondum</span> <span class='ocrx_word' id='word_1_65' title='bbox 1138 2220 1316 2295; x_wconf 86' lang='lat' dir='ltr'>audentia</span> <span class='ocrx_word' id='word_1_66' title='bbox 1328 2222 1404 2295; x_wconf 83' lang='lat' dir='ltr'>labi</span> 
     </span>
     <span class='ocr_line' id='line_1_12' title="bbox 325 2335 1385 2448; baseline 0.001 -27"><span class='ocrx_word' id='word_1_67' title='bbox 325 2335 329 2344; x_wconf 43' lang='lat'><strong>¹</strong></span> <span class='ocrx_word' id='word_1_68' title='bbox 434 2348 611 2423; x_wconf 84' lang='lat' dir='ltr'>Flumina</span> <span class='ocrx_word' id='word_1_69' title='bbox 624 2348 800 2422; x_wconf 87' lang='lat' dir='ltr'>restituit.</span> <span class='ocrx_word' id='word_1_70' title='bbox 816 2349 891 2422; x_wconf 84' lang='lat' dir='ltr'>Dat</span> <span class='ocrx_word' id='word_1_71' title='bbox 906 2361 1016 2423; x_wconf 83' lang='lat' dir='ltr'>terrae</span> <span class='ocrx_word' id='word_1_72' title='bbox 1031 2350 1215 2448; x_wconf 79' lang='lat' dir='ltr'>gramina,</span> <span class='ocrx_word' id='word_1_73' title='bbox 1233 2349 1385 2424; x_wconf 85' lang='lat' dir='ltr'>frondes</span> 
     </span>
     <span class='ocr_line' id='line_1_13' title="bbox 436 2479 1350 2578; baseline -0.001 -25"><span class='ocrx_word' id='word_1_74' title='bbox 436 2479 644 2557; x_wconf 81' lang='lat' dir='ltr'>Arboribus</span> <span class='ocrx_word' id='word_1_75' title='bbox 657 2511 667 2578; x_wconf 82' lang='lat'>3</span> <span class='ocrx_word' id='word_1_76' title='bbox 682 2481 860 2577; x_wconf 83' lang='lat' dir='ltr'>laesasque</span> <span class='ocrx_word' id='word_1_77' title='bbox 871 2481 977 2574; x_wconf 86' lang='lat' dir='ltr'>jubet</span> <span class='ocrx_word' id='word_1_78' title='bbox 991 2482 1215 2565; x_wconf 84' lang='lat' dir='ltr'>revirescere</span> <span class='ocrx_word' id='word_1_79' title='bbox 1228 2481 1350 2554; x_wconf 79' lang='lat' dir='ltr'>silvas.</span> 
     </span>
    </p>

    <p class='ocr_par' dir='ltr' id='par_1_5' title="bbox 408 2608 1573 3630">
     <span class='ocr_line' id='line_1_14' title="bbox 482 2608 1573 2709; baseline -0.002 -24"><span class='ocrx_word' id='word_1_80' title='bbox 482 2611 587 2685; x_wconf 89' lang='lat' dir='ltr'>Dum</span> <span class='ocrx_word' id='word_1_81' title='bbox 600 2608 699 2683; x_wconf 82' lang='lat' dir='ltr'>redit</span> <span class='ocrx_word' id='word_1_82' title='bbox 712 2609 817 2707; x_wconf 89' lang='lat' dir='ltr'>itque</span> <span class='ocrx_word' id='word_1_83' title='bbox 830 2609 1023 2707; x_wconf 86' lang='lat' dir='ltr'>frequens,</span> <span class='ocrx_word' id='word_1_84' title='bbox 1038 2611 1080 2683; x_wconf 92' lang='lat' dir='ltr'>in</span> <span class='ocrx_word' id='word_1_85' title='bbox 1093 2611 1239 2709; x_wconf 85' lang='lat' dir='ltr'>virgine</span> <span class='ocrx_word' id='word_1_86' title='bbox 1253 2609 1463 2686; x_wconf 70' lang='lat' dir='ltr'>Nonacrini</span> <span class='ocrx_word' id='word_1_87' title='bbox 1572 2641 1573 2649; x_wconf 48' lang='lat'>¹</span> 
     </span>
     <span class='ocr_line' id='line_1_15' title="bbox 434 2739 1313 2841; baseline -0.002 -27"><span class='ocrx_word' id='word_1_88' title='bbox 434 2739 553 2816; x_wconf 84' lang='lat' dir='ltr'>Haesit</span> <span class='ocrx_word' id='word_1_89' title='bbox 570 2769 578 2814; x_wconf 92' lang='lat'>:</span> <span class='ocrx_word' id='word_1_90' title='bbox 595 2755 631 2815; x_wconf 85' lang='lat' dir='ltr'>et</span> <span class='ocrx_word' id='word_1_91' title='bbox 643 2740 783 2841; x_wconf 83' lang='lat' dir='ltr'>accepti</span> <span class='ocrx_word' id='word_1_92' title='bbox 797 2741 943 2815; x_wconf 70' lang='lat' dir='ltr'>caluere</span> <span class='ocrx_word' id='word_1_93' title='bbox 956 2742 1027 2815; x_wconf 89' lang='lat' dir='ltr'>sub</span> <span class='ocrx_word' id='word_1_94' title='bbox 1040 2739 1186 2813; x_wconf 82' lang='lat' dir='ltr'>ossibus</span> <span class='ocrx_word' id='word_1_95' title='bbox 1200 2740 1313 2838; x_wconf 83' lang='lat' dir='ltr'>ignes.</span> 
     </span>
     <span class='ocr_line' id='line_1_16' title="bbox 408 2869 1380 2970; baseline -0.007 -22"><span class='ocrx_word' id='word_1_96' title='bbox 408 2879 412 2890; x_wconf 85' lang='grc'><strong>’</strong></span> <span class='ocrx_word' id='word_1_97' title='bbox 434 2873 520 2948; x_wconf 89' lang='lat' dir='ltr'>Non</span> <span class='ocrx_word' id='word_1_98' title='bbox 533 2885 612 2947; x_wconf 85' lang='lat' dir='ltr'>erat</span> <span class='ocrx_word' id='word_1_99' title='bbox 626 2873 743 2970; x_wconf 84' lang='lat' dir='ltr'>hujus</span> <span class='ocrx_word' id='word_1_100' title='bbox 759 2899 854 2970; x_wconf 90' lang='lat' dir='ltr'>opus</span> <span class='ocrx_word' id='word_1_101' title='bbox 872 2873 995 2946; x_wconf 84' lang='lat' dir='ltr'>lanam</span> <span class='ocrx_word' id='word_1_102' title='bbox 1010 2869 1159 2945; x_wconf 87' lang='lat' dir='ltr'>mollire</span> <span class='ocrx_word' id='word_1_103' title='bbox 1174 2869 1380 2966; x_wconf 81' lang='lat' dir='ltr'>trahend03</span> 
     </span>
     <span class='ocr_line' id='line_1_17' title="bbox 434 3001 1352 3101; baseline -0.002 -24"><span class='ocrx_word' id='word_1_104' title='bbox 434 3003 510 3077; x_wconf 88' lang='lat' dir='ltr'>Nec</span> <span class='ocrx_word' id='word_1_105' title='bbox 523 3004 649 3101; x_wconf 88' lang='lat' dir='ltr'>positu</span> <span class='ocrx_word' id='word_1_106' title='bbox 663 3003 809 3077; x_wconf 82' lang='lat' dir='ltr'>variare</span> <span class='ocrx_word' id='word_1_107' title='bbox 821 3029 956 3078; x_wconf 82' lang='lat' dir='ltr'>comas.</span> <span class='ocrx_word' id='word_1_108' title='bbox 973 3001 1048 3076; x_wconf 92' lang='lat' dir='ltr'>Ubi</span> <span class='ocrx_word' id='word_1_109' title='bbox 1064 3001 1180 3076; x_wconf 86' lang='lat' dir='ltr'>fibula</span> <span class='ocrx_word' id='word_1_110' title='bbox 1192 3014 1352 3095; x_wconf 80' lang='lat' dir='ltr'>vestem,</span> 
     </span>
     <span class='ocr_line' id='line_1_18' title="bbox 435 3135 1242 3236; baseline -0.002 -26"><span class='ocrx_word' id='word_1_111' title='bbox 435 3136 538 3212; x_wconf 80' lang='lat' dir='ltr'>vitta</span> <span class='ocrx_word' id='word_1_112' title='bbox 551 3145 764 3213; x_wconf 74' lang='lat' dir='ltr'>coercuerat</span> <span class='ocrx_word' id='word_1_113' title='bbox 779 3139 961 3236; x_wconf 82' lang='lat' dir='ltr'>neglectos</span> <span class='ocrx_word' id='word_1_114' title='bbox 974 3137 1057 3210; x_wconf 83' lang='lat' dir='ltr'>alba</span> <span class='ocrx_word' id='word_1_115' title='bbox 1073 3135 1242 3233; x_wconf 79' lang='lat' dir='ltr'>capillos,</span> 
     </span>
     <span class='ocr_line' id='line_1_19' title="bbox 436 3269 1531 3369; baseline -0.005 -27"><span class='ocrx_word' id='word_1_116' title='bbox 436 3269 484 3342; x_wconf 87' lang='lat' dir='ltr'>Et</span> <span class='ocrx_word' id='word_1_117' title='bbox 497 3272 608 3345; x_wconf 82' lang='lat' dir='ltr'>modb</span> <span class='ocrx_word' id='word_1_118' title='bbox 621 3272 703 3346; x_wconf 77' lang='lat' dir='ltr'>leve</span> <span class='ocrx_word' id='word_1_119' title='bbox 716 3299 833 3347; x_wconf 79' lang='lat' dir='ltr'>manu</span> <span class='ocrx_word' id='word_1_120' title='bbox 845 3271 1029 3369; x_wconf 83' lang='lat' dir='ltr'>jaculum,</span> <span class='ocrx_word' id='word_1_121' title='bbox 1044 3269 1158 3345; x_wconf 80' lang='lat' dir='ltr'>modo</span> <span class='ocrx_word' id='word_1_122' title='bbox 1172 3277 1381 3363; x_wconf 79' lang='lat' dir='ltr'>sumpserat</span> <span class='ocrx_word' id='word_1_123' title='bbox 1393 3291 1531 3354; x_wconf 66' lang='lat' dir='ltr'>arcum</span> 
     </span>
     <span class='ocr_line' id='line_1_20' title="bbox 437 3395 1447 3500; baseline -0.004 -29"><span class='ocrx_word' id='word_1_124' title='bbox 437 3399 545 3472; x_wconf 87' lang='lat' dir='ltr'>Miles</span> <span class='ocrx_word' id='word_1_125' title='bbox 560 3414 638 3474; x_wconf 82' lang='lat' dir='ltr'>erat</span> <span class='ocrx_word' id='word_1_126' title='bbox 649 3401 810 3476; x_wconf 85' lang='lat' dir='ltr'>Phoebes</span> <span class='ocrx_word' id='word_1_127' title='bbox 825 3409 837 3438; x_wconf 86' lang='lat'><strong>¹</strong></span> <span class='ocrx_word' id='word_1_128' title='bbox 852 3433 862 3498; x_wconf 84' lang='lat'>3</span> <span class='ocrx_word' id='word_1_129' title='bbox 879 3429 947 3475; x_wconf 89' lang='lat' dir='ltr'>nec</span> <span class='ocrx_word' id='word_1_130' title='bbox 962 3399 1150 3475; x_wconf 79' lang='lat' dir='ltr'>Maenaton</span> <span class='ocrx_word' id='word_1_131' title='bbox 1164 3396 1283 3494; x_wconf 80' lang='lat' dir='ltr'>attigit</span> <span class='ocrx_word' id='word_1_132' title='bbox 1296 3395 1374 3468; x_wconf 85' lang='lat' dir='ltr'>ulla</span> <span class='ocrx_word' id='word_1_133' title='bbox 1444 3493 1447 3500; x_wconf 89' lang='lat'>.</span> 
     </span>
     <span class='ocr_line' id='line_1_21' title="bbox 437 3527 1571 3630; baseline -0.004 -26"><span class='ocrx_word' id='word_1_134' title='bbox 437 3531 588 3604; x_wconf 86' lang='lat' dir='ltr'>Gratior</span> <span class='ocrx_word' id='word_1_135' title='bbox 602 3529 684 3604; x_wconf 80' lang='lat' dir='ltr'>baec</span> <span class='ocrx_word' id='word_1_136' title='bbox 697 3527 850 3606; x_wconf 86' lang='lat' dir='ltr'>Triviae.</span> <span class='ocrx_word' id='word_1_137' title='bbox 868 3532 938 3607; x_wconf 89' lang='lat' dir='ltr'>Sed</span> <span class='ocrx_word' id='word_1_138' title='bbox 954 3533 1060 3606; x_wconf 81' lang='lat' dir='ltr'>nulla</span> <span class='ocrx_word' id='word_1_139' title='bbox 1072 3529 1239 3630; x_wconf 80' lang='lat' dir='ltr'>potentia</span> <span class='ocrx_word' id='word_1_140' title='bbox 1254 3529 1361 3625; x_wconf 81' lang='lat' dir='ltr'>longa</span> <span class='ocrx_word' id='word_1_141' title='bbox 1376 3539 1441 3600; x_wconf 88' lang='lat' dir='ltr'>est.</span> <span class='ocrx_word' id='word_1_142' title='bbox 1570 3607 1571 3627; x_wconf 25' lang='lat'>2</span> 
     </span>
    </p>
   </div>
   <div class='ocr_carea' id='block_1_5' title="bbox 438 3737 1469 4012">
    <p class='ocr_par' dir='ltr' id='par_1_6' title="bbox 438 3737 1469 4012">
     <span class='ocr_line' id='line_1_22' title="bbox 480 3737 1469 3824; baseline -0.008 -21"><span class='ocrx_word' id='word_1_143' title='bbox 480 3750 490 3780; x_wconf 84' lang='lat'>¹</span> <span class='ocrx_word' id='word_1_144' title='bbox 514 3745 602 3803; x_wconf 88' lang='lat' dir='ltr'>Selou</span> <span class='ocrx_word' id='word_1_145' title='bbox 620 3742 767 3819; x_wconf 83' lang='lat' dir='ltr'>plusieurs</span> <span class='ocrx_word' id='word_1_146' title='bbox 784 3746 1010 3824; x_wconf 81' lang='lat' dir='ltr'>mythologues‚</span> <span class='ocrx_word' id='word_1_147' title='bbox 1027 3741 1235 3802; x_wconf 77' lang='lat' dir='ltr'>1’lrcadietut</span> <span class='ocrx_word' id='word_1_148' title='bbox 1252 3743 1279 3798; x_wconf 86' lang='lat' dir='ltr'>le</span> <span class='ocrx_word' id='word_1_149' title='bbox 1293 3741 1418 3798; x_wconf 73' lang='lat' dir='ltr'>beroem</span> <span class='ocrx_word' id='word_1_150' title='bbox 1432 3737 1469 3795; x_wconf 83' lang='lat' dir='ltr'>dc</span> 
     </span>
     <span class='ocr_line' id='line_1_23' title="bbox 438 3841 1467 3918; baseline -0.004 -18"><span class='ocrx_word' id='word_1_151' title='bbox 438 3841 566 3917; x_wconf 80' lang='lat' dir='ltr'>Jupiter.</span> <span class='ocrx_word' id='word_1_152' title='bbox 578 3845 715 3918; x_wconf 80' lang='lat' dir='ltr'>Namque</span> <span class='ocrx_word' id='word_1_153' title='bbox 725 3841 870 3900; x_wconf 81' lang='lat' dir='ltr'>Cretenses</span> <span class='ocrx_word' id='word_1_154' title='bbox 880 3857 971 3902; x_wconf 78' lang='lat' dir='ltr'>ortum</span> <span class='ocrx_word' id='word_1_155' title='bbox 982 3845 1038 3901; x_wconf 83' lang='lat' dir='ltr'>sibi</span> <span class='ocrx_word' id='word_1_156' title='bbox 1045 3845 1124 3902; x_wconf 80' lang='lat' dir='ltr'>Iovis</span> <span class='ocrx_word' id='word_1_157' title='bbox 1132 3845 1313 3902; x_wconf 76' lang='lat' dir='ltr'>vindicantes</span> <span class='ocrx_word' id='word_1_158' title='bbox 1315 3861 1375 3918; x_wconf 81' lang='lat' dir='ltr'>pro</span> <span class='ocrx_word' id='word_1_159' title='bbox 1387 3857 1467 3898; x_wconf 75' lang='lat' dir='ltr'>men·</span> 
     </span>
     <span class='ocr_line' id='line_1_24' title="bbox 440 3939 1039 4012; baseline 0 -14"><span class='ocrx_word' id='word_1_160' title='bbox 440 3943 561 3998; x_wconf 78' lang='lat' dir='ltr'>ducibus</span> <span class='ocrx_word' id='word_1_161' title='bbox 572 3941 663 4012; x_wconf 72' lang='lat' dir='ltr'>rq‘icit</span> <span class='ocrx_word' id='word_1_162' title='bbox 675 3939 880 3999; x_wconf 73' lang='lat' dir='ltr'>Callimachus.</span> <span class='ocrx_word' id='word_1_163' title='bbox 896 3943 1039 4000; x_wconf 80' lang='lat' dir='ltr'>Farnabe.</span> 
     </span>
    </p>
   </div>
   <div class='ocr_carea' id='block_1_6' title="bbox 483 4055 1295 4136">
    <p class='ocr_par' dir='ltr' id='par_1_7' title="bbox 483 4055 1295 4136">
     <span class='ocr_line' id='line_1_25' title="bbox 483 4055 1295 4136; baseline -0.004 -18"><span class='ocrx_word' id='word_1_164' title='bbox 483 4063 495 4092; x_wconf 77' lang='lat'>²</span> <span class='ocrx_word' id='word_1_165' title='bbox 517 4059 601 4118; x_wconf 79' lang='lat' dir='ltr'>Secia</span> <span class='ocrx_word' id='word_1_166' title='bbox 615 4071 644 4116; x_wconf 81' lang='lat' dir='ltr'>ct</span> <span class='ocrx_word' id='word_1_167' title='bbox 655 4061 741 4136; x_wconf 78' lang='lat' dir='ltr'>quasi</span> <span class='ocrx_word' id='word_1_168' title='bbox 752 4061 908 4120; x_wconf 80' lang='lat' dir='ltr'>commilito</span> <span class='ocrx_word' id='word_1_169' title='bbox 921 4061 1041 4130; x_wconf 71' lang='lat' dir='ltr'>Diome,</span> <span class='ocrx_word' id='word_1_170' title='bbox 1058 4057 1151 4117; x_wconf 86' lang='lat' dir='ltr'>Idem.</span> <span class='ocrx_word' id='word_1_171' title='bbox 1286 4055 1295 4076; x_wconf 82' lang='lat'><strong><em>¹</em></strong></span> 
     </span>
    </p>
   </div>
   <div class='ocr_carea' id='block_1_7' title="bbox 0 0 1603 5358">
    <p class='ocr_par' dir='ltr' id='par_1_8' title="bbox 0 0 1603 5358">
     <span class='ocr_line' id='line_1_26' title="bbox 0 0 1603 5358; baseline 0 0"><span class='ocrx_word' id='word_1_172' title='bbox 0 0 1603 5358; x_wconf 95' lang='lat' dir='ltr'> </span> 
     </span>
    </p>
   </div>
  </div>
 </body>
</html>
