3184 5346
415 547 497 623 252'
531 537 1090 622 crsnirsuosruosas
1122 562 1348 642 n’ovroe,

413 713 641 791 Circumfert
657 714 805 810 tacitos,
821 726 1015 810 tamquam
1029 738 1097 787 suo
1109 713 1283 812 brachia,
1297 715 1442 790 vultus.

411 841 462 917 At
475 843 629 919 comites
646 843 824 941 rapidum
839 841 959 916 solitis
974 839 1188 918 hortatibus
1204 870 1337 942 agmen

410 971 535 1068 Ignari
549 971 747 1068 instigant,
764 969 959 1067 oculisque
974 963 1150 1044 Actaeona
1163 985 1362 1070 quaerunt,

409 1095 458 1170 Et
471 1097 578 1173 velut
588 1099 780 1172 absentem
794 1097 965 1171 certatim
982 1097 1159 1172 Actaeona
1172 1098 1347 1174 clamant.

408 1225 468 1302 Ad
482 1254 624 1304 nomen
637 1237 751 1324 caput
763 1226 827 1299 ille
844 1224 983 1300 refert:
999 1237 1044 1317 ut
1060 1228 1185 1302 abesse
1199 1239 1437 1324 queruntur,

390 1359 484 1436 ‘Nec
500 1387 631 1459 capere
646 1360 779 1434 oblatae
793 1383 943 1458 segnem
957 1359 1166 1458 spectaculo
1180 1358 1330 1458 praedae.

407 1493 530 1568 Vellet
542 1494 669 1567 abesse
683 1491 859 1590 quidem,
879 1491 943 1566 sed
960 1491 1064 1566 adest
1080 1520 1088 1566 :
1104 1461 1293 1590 velletque
1308 1491 1457 1590 videre,

406 1623 493 1696 Non
507 1621 620 1696 etiam
635 1619 794 1716 sentire,
811 1645 951 1695 canum
964 1620 1043 1695 fera
1055 1620 1150 1695 sacta
1163 1649 1335 1696 suorum.

408 1751 587 1850 Undique
601 1751 849 1825 circumstant
865 1780 873 1825 :
889 1751 1098 1849 mersisque
1116 1752 1158 1826 in
1172 1779 1329 1851 corpore
1341 1751 1470 1828 rostris

406 1882 620 1958 Dilaoerant
636 1881 720 1956 frisi
734 1881 938 1956 dominum
951 1883 1024 1957 sub
1038 1883 1200 1982 imagine
1212 1885 1330 1960 cervi.

405 2011 500 2109 Nec,
518 2013 595 2086 nisi
607 2013 717 2087 finita
730 2039 799 2112 per
815 2012 982 2112 plurima
996 2015 1159 2090 vulnera
1172 2015 1272 2114 vitri,

405 2143 467 2218 Ira
481 2143 706 2243 pharetrate
720 2141 844 2217 fertur
860 2143 990 2218 satiata
1005 2145 1151 2252 Dianas.

662 2337 734 2440 vl,
762 2341 916 2414 Dilecta
931 2343 1018 2416 Iovi
1035 2343 1190 2416 Semele.

452 2530 628 2624 aunon,
638 2531 681 2605 in
697 2533 874 2632 ambiguo
890 2546 946 2608 est
963 2564 970 2608 :
986 2534 1070 2610 aliis
1083 2536 1289 2610 violentior
1301 2563 1413 2634 aequo

401 2661 491 2739 visa
504 2665 583 2741 oea
599 2677 655 2741 est
671 2695 679 2740 :
694 2666 759 2740 us
775 2666 952 2764 laudant,
970 2667 1199 2766 dignamque
1214 2667 1344 2742 severs

311 2877 313 2884 .
401 2799 627 2900 Virginitate
642 2813 780 2875 vocant
796 2830 805 2876 ε
820 2827 905 2899 pers
921 2801 1073 2876 invenit
1087 2815 1250 2900 utraque
1266 2828 1403 2876 causas

272 2933 275 2940 ⁴
400 2931 488 3006 Sola
502 2930 609 3004 Jovis
621 2932 765 3028 conjux
778 2957 857 3006 non
874 2943 952 3008 tam
969 2931 1145 3028 culpetne
1161 2931 1343 3028 probetne
1360 2937 1368 2966 ¹

399 3060 623 3160 Eloquitur,
640 3063 756 3162 quim
774 3063 878 3139 clade
894 3063 1031 3140 domis
1045 3064 1092 3138 ab
1105 3063 1277 3162 Agenore
1293 3063 1418 3136 ductae

400 3191 572 3266 Gaudet:
589 3204 627 3268 et
640 3193 662 3266 i
675 3191 791 3292 Tyrit
806 3194 1004 3270 collectum
1022 3195 1154 3293 pellice
1171 3191 1350 3267 transfert

397 3320 444 3392 In
460 3321 605 3417 generis
619 3323 738 3397 socios
754 3323 899 3400 odium.
918 3323 1028 3397 Subit
1045 3349 1128 3398 ecce
1144 3321 1264 3420 priori

398 3448 517 3522 Causa
529 3475 682 3546 recens;
698 3450 970 3550 gravidamque
982 3450 1085 3524 dolet
1098 3451 1146 3524 de
1158 3448 1303 3524 semine
1317 3449 1463 3548 magni·

396 3577 485 3651 Esse
497 3578 604 3653 Jovis
617 3579 800 3654 semelem
819 3609 826 3654 :
842 3593 928 3654 tum
943 3581 1111 3680 linguam
1125 3581 1171 3656 ad
1186 3580 1308 3678 jurgia
1324 3579 1450 3652 solvit.

445 3711 591 3787 Proieci
607 3710 701 3809 quid
717 3713 821 3788 enim
835 3714 945 3788 toties
961 3741 1030 3812 per
1045 3715 1190 3814 jurgia?
1204 3714 1315 3788 dixit.

439 3896 447 3927 ¹
463 3893 612 3980 observet
621 3896 1203 3973 avecquelarttepotte‚enexposaurles
1214 3893 1443 3970 sentimenspar·

400 3993 529 4054 umticrs
540 3993 557 4054 i
569 3994 684 4083 Junon²
694 4015 722 4054 se
734 3999 856 4076 me'rrsge
867 4015 926 4058 une
939 3997 1096 4056 transition
1107 3997 1122 4055 i
1132 3997 1160 4055 la
1173 3995 1250 4054 febte
1261 3995 1297 4054 de
1307 3995 1431 4056 sintii.
1559 4065 1560 4072 ἵ
