3184 5346
434 597 504 671 290
547 585 630 643 nus
659 555 1099 640 ndrsuonruosns
1129 569 1358 648 novmu,

431 733 546 812 Ocior
560 743 763 826 antennas,
779 747 994 824 prensoque
1009 720 1173 798 rudente
1187 719 1318 796 relabi.

431 863 513 938 Hoo
524 861 659 961 Lybis,
672 859 747 934 hoo
758 855 900 953 flavus,
916 879 1041 954 prorue
1052 851 1190 948 tutelo,
1208 847 1443 943 Melanthus,

431 995 651 1094 Hocprobot
657 987 881 1066 Alcimedon
894 980 1533 1084 :et,quirequiernquomodumque

431 1123 532 1198 Voce
544 1123 657 1198 debat
668 1118 800 1214 ternis,
815 1115 1035 1192 animorum
1049 1112 1222 1188 hortator
1235 1113 1430 1212 Epopeus3

432 1251 513 1325 Hoc
524 1247 735 1328 omnosrdii
752 1274 759 1320 :
776 1243 914 1342 praedae
927 1253 1004 1316 tom
1019 1266 1114 1316 oaeoo
1127 1239 1268 1338 cupido
1284 1241 1361 1316 est!

430 1380 518 1454 Non
533 1390 660 1452 tomen
675 1373 776 1451 hono
792 1395 897 1446 sacro
910 1368 1048 1443 violari
1062 1367 1231 1466 pondero
1244 1367 1384 1464 pinum

432 1503 642 1604 Perpetiar,
659 1499 744 1576 dixi
761 1527 769 1574 :
784 1523 870 1598 pers
884 1495 949 1572 hic
965 1495 1065 1572 mihi
1079 1497 1248 1572 muxirno
1263 1495 1381 1594 juris;

430 1635 554 1732 Inque
568 1630 676 1706 editu
688 1628 841 1702 obsisto.
860 1625 971 1700 Furit
984 1625 1256 1702 audacissimus
1269 1624 1379 1702 omni

430 1767 488 1841 De
500 1788 664 1840 numero
675 1759 840 1859 Lycabas
847 1789 859 1856 3
875 1759 944 1856 qui
957 1757 1110 1834 Thuscti
1122 1761 1256 1858 pulsus
1268 1761 1316 1834 ob
1328 1757 1428 1834 urbe

431 1897 639 1992 Exsilium,
656 1890 742 1966 diri
753 1915 908 1990 poenam
922 1916 995 1988 pro
1007 1890 1126 1987 mdo,
1143 1891 1284 1964 luebat.

429 2027 466 2102 Is
479 2025 600 2122 mihi,
615 2022 712 2098 dum
722 2033 841 2118 resto,
858 2020 1022 2118 juvenili
1035 2033 1191 2119 guttum
1202 2045 1330 2118 pugno

430 2157 549 2255 Rupit
567 2185 575 2230 :
590 2167 628 2230 et
644 2179 846 2230 excussum
863 2152 1026 2228 misisset
1035 2153 1081 2226 in
1093 2177 1263 2249 aequom3
1280 2150 1314 2224 si
1327 2175 1410 2224 non

430 2289 650 2382 limiensem,
665 2283 842 2382 quamvis
856 2307 1009 2380 umens,
1026 2283 1070 2356 in
1083 2281 1177 2356 fune
1190 2292 1375 2356 retentus.

478 2411 601 2511 Impia
607 2401 1050 2508 uuboprobantfoctum.
1060 2407 1520 2508 TumdeniqneBsochus‚

431 2541 601 2620 Boochus
613 2541 720 2618 enim
732 2539 876 2638 fuemt3
891 2541 1013 2616 veluti
1029 2541 1192 2616 clamore
1207 2543 1355 2620 solutus
1367 2549 1377 2581 ¹

431 2679 488 2752 Sit
501 2703 632 2777 sopor,
647 2675 761 2774 ique
771 2699 878 2750 mero
891 2671 1046 2748 redeunt
1059 2673 1102 2746 in
1115 2685 1267 2772 pectora
1280 2700 1433 2773 sensns,

431 2805 535 2896 Quid
549 2803 696 2882 facins?
711 2803 799 2901 quis
812 2802 972 2898 clamor,
987 2800 1064 2876 ait?
1077 2801 1174 2901 qut,
1190 2803 1325 2904 dicite,
1341 2816 1488 2898 neutae,

430 2940 517 3016 Huc
531 2965 602 3037 ope
618 2937 801 3036 perveni?
818 2937 971 3034 quomo
984 2934 1130 3010 deferre
1146 2937 1312 3034 parntis?

478 3065 582 3144 Pone
594 3079 762 3164 metum,
777 3065 954 3162 Proteus,
972 3077 1009 3138 et
1022 3091 1118 3163 quos
1132 3066 1348 3168 oontingere
1360 3077 1508 3166 portus,

432 3197 529 3296 Ede,
548 3198 662 3296 velis,
680 3195 781 3272 dixit
798 3225 806 3272 :
821 3195 922 3272 terri
937 3195 1066 3272 sistite
1081 3198 1210 3297 penit„

365 3347 369 3356 ’
477 3364 486 3394 ¹
512 3360 1012 3437 ltm’euiteomppoicidemettre
1030 3363 1237 3440 qustrerimos
1250 3363 1475 3426 uuffimde

407 3459 505 3520 'suite
518 3481 526 3518 :
541 3471 615 3519 cette
628 3460 709 3518 toute
722 3461 961 3520 d'inedvertonoe
988 3463 1036 3520 n'o
1061 3483 1105 3540 pu
1130 3465 1194 3524 itte
1212 3464 1344 3544 corrigie
1362 3469 1475 3544 qu'aux

429 3561 540 3638 dipem
558 3561 595 3617 de
615 3561 643 3616 lo
655 3560 814 3619 concision.
826 3563 908 3621 Dans
922 3583 982 3621 une
994 3564 1164 3623 traduction
1176 3585 1215 3624 en
1229 3566 1318 3623 times
1329 3567 1473 3638 moisem,

429 3661 483 3720 elle
496 3679 526 3717 se
535 3659 699 3736 repererait
708 3661 776 3735 plns
788 3661 929 3720 mentem
940 3683 950 3734 3
963 3663 1036 3720 mnis
1047 3672 1122 3721 cette
1135 3675 1215 3722 sorte
1226 3663 1264 3721 de
1276 3661 1474 3724 versification

430 3781 460 3820 oe
475 3763 559 3837 prete
575 3771 645 3836 trop
664 3779 724 3820 oux
744 3772 907 3821 tomnures
923 3765 1085 3822 nonanto
1100 3773 1131 3820 et
1149 3772 1346 3838 promques:
1362 3764 1419 3822 olle
1439 3783 1477 3822 ne

430 3859 570 3919 convient
586 3877 639 3933 pus
657 3859 674 3917 i
689 3869 731 3916 un
747 3860 819 3936 long
837 3867 962 3934 pottme3
977 3873 1006 3919 et
1029 3861 1053 3919 si
1070 3862 1112 3920 les
1135 3862 1223 3922 rimes
1241 3863 1402 3942 riguliires
1423 3875 1477 3922 ont

430 3957 499 4033 plus
516 3957 553 4012 de
572 3955 736 4026 disficuhi,
754 3959 823 4014 elles
851 3959 1024 4016 ndressitent
1044 3961 1059 4016 i
1082 3959 1232 4020 trovoiller
1250 3961 1417 4038 devontsge
1436 3962 1477 4019 los

430 4075 519 4125 vers,
539 4067 567 4112 ot
585 4057 601 4114 i
619 4055 684 4116 leur
700 4058 816 4116 donner
830 4057 898 4133 plus
913 4060 949 4116 de
963 4061 1110 4135 prtoision
1129 4061 1207 4119 etde
1223 4061 1358 4120 nombre.
