3184 5346
436 603 507 674 272
558 593 641 650 uus
669 559 1107 658 utrsuouruosss
1138 579 1360 654 o‘ovins,

435 749 511 822 Ista
519 765 764 843 repercussae,
776 761 893 835 quum
905 731 1049 828 cernis,
1066 728 1241 826 imaginis
1255 728 1391 800 umbra
1402 731 1474 796 cst.

434 879 497 952 Nil
510 878 625 952 habet
636 871 776 948 isusui
793 899 801 944 :
817 879 1023 964 tecumque
1035 859 1222 960 venitque
1234 869 1461 954 manetque:

433 1009 577 1084 Tecum
590 1003 755 1082 discedet
763 997 781 1104 ,‘
792 1003 825 1078 si
841 1013 887 1076 tu
899 998 1091 1076 discedere
1104 997 1236 1098 possis.

431 1141 520 1218 Nou
532 1140 645 1216 illum
661 1135 827 1232 Cereris,
845 1158 926 1208 uon
940 1131 1052 1206 illum
1068 1153 1161 1204 curu
1176 1123 1316 1226 quietis

432 1271 661 1348 Abstrahere
674 1269 766 1344 inde
777 1263 918 1366 potest:
931 1265 995 1340 sed
1009 1263 1124 1363 opacet
1132 1263 1241 1338 fissus
1250 1262 1293 1336 iu
1306 1257 1445 1354 herbe,

432 1403 580 1500 Spectat
592 1399 786 1500 inexpleto
800 1397 1022 1476 mendacem
1036 1396 1185 1470 lumine
1200 1395 1363 1470 formam
1378 1397 1408 1486 ¹,

432 1536 579 1632 Perque
593 1533 721 1607 oculos
738 1531 837 1632 perit
851 1531 931 1630 ipse
945 1555 1054 1604 suos:
1070 1527 1305 1628 paulumque
1316 1527 1487 1618 levatus,

432 1669 491 1744 Ad
505 1669 789 1743 circumstantes
803 1665 963 1740 tendens
975 1691 1043 1740 sua
1056 1664 1211 1738 brechia
1226 1663 1359 1756 silves3

481 1799 639 1899 Ecquis,
651 1802 694 1874 ‘io
706 1799 830 1894 silvae,
846 1795 1057 1895 crudelius,
1073 1797 1222 1895 inquit,
1241 1792 1410 1870 amovit?

432 1933 542 2006 Scitis
558 1931 680 2026 euim,
696 1927 878 2032 etmultis
890 1929 1033 2003 latebre
1048 1941 1264 2028 opportuna
1280 1926 1420 2002 fuistis.

432 2063 619 2160 Ecquem,
638 2061 728 2136 cirm
740 2071 875 2136 vestrae
888 2071 945 2133 tot
956 2072 1116 2158 agauttir
1128 2061 1252 2134 secula
1264 2059 1355 2134 vitae
1370 2071 1405 2154 ¹,

433 2191 512 2279 Qui
528 2191 581 2264 sic
597 2190 780 2287 tabuerit,
798 2189 910 2290 longo
923 2189 1151 2266 meministis
1167 2195 1211 2265 in
1225 2191 1336 2268 aevo?

432 2323 480 2395 Et
491 2320 630 2417 placet,
648 2333 686 2396 et
698 2319 812 2408 video
828 2349 837 2395 :
852 2319 916 2396 sed
930 2321 1034 2420 quod
1049 2321 1238 2424 videoque
1253 2323 1471 2424 placetque,
1586 2313 1587 2316 ¹

431 2455 521 2530 Nou
531 2468 660 2529 tamen
672 2453 831 2530 invenio
849 2483 857 2529 :
873 2465 1003 2529 tantm
1018 2466 1123 2530 tenet
1137 2481 1244 2532 error
1260 2457 1472 2531 amantem!
1586 2549 1587 2568 ἵ

433 2583 596 2685 Quoque
608 2585 724 2684 magis
736 2583 882 2662 doleam
891 2617 902 2686 3
919 2613 989 2662 nec
1000 2613 1070 2663 nos
1083 2601 1341 2689 mercseparut
1352 2589 1507 2689 ingens,

432 2715 509 2790 Nec
522 2717 603 2815 vis,
620 2742 691 2791 nec
699 2729 867 2818 montes,
883 2745 953 2794 nec
965 2719 1100 2796 clausis
1113 2725 1257 2800 moeriia
1268 2724 1404 2824 portis:

431 2853 578 2953 Exigui
593 2855 846 2953 prohibemur
862 2857 960 2956 equi
977 2887 985 2934 :
1003 2859 1110 2958 cupit
1126 2861 1205 2961 ipse
1221 2861 1355 2938 teneri.

432 2987 528 3062 Nam
541 2989 689 3086 quoties
701 2987 858 3088 liquidis
870 2991 1113 3090 porreximus
1126 2991 1251 3067 osurla
1262 2987 1453 3094 lymphis,
1586 2989 1587 3042 5

431 3119 505 3194 Hic
520 3119 630 3194 toties
642 3119 689 3194 od
705 3146 768 3194 me
780 3119 961 3219 resupino
975 3121 1115 3196 nititur
1128 3149 1205 3198 ore.
1281 3146 1288 3191 c

431 3249 543 3326 Posse
549 3229 768 3350 putesteugi
777 3279 786 3358 ¹:
797 3252 1004 3327 minimum
1012 3265 1079 3352 est,
1087 3251 1190 3353 quod
1198 3252 1411 3329 amantibus
1417 3255 1557 3337 obstat.

432 3385 614 3485 Quisquis
628 3411 686 3485 es,
701 3386 780 3462 huc
793 3388 857 3462 exi
871 3373 882 3462 ε’
896 3387 990 3486 quid
1002 3413 1081 3486 me,
1099 3415 1196 3487 puer
1207 3391 1339 3488 unice,
1355 3389 1455 3467 fallis
1467 3391 1510 3472 ³?

476 3587 485 3616 ¹
511 3586 676 3659 Inerpleto.
700 3583 783 3642 cette
806 3585 932 3662 epitheto
953 3585 1134 3644 nombreusc
1153 3589 1284 3664 exprime
1305 3591 1335 3648 le
1351 3591 1475 3667 passion

430 3703 502 3744 avec
514 3686 670 3762 beaucoup
685 3685 841 3766 d’tuergie.
1102 3765 1105 3774 ι

472 3787 487 3818 ⁸
510 3787 576 3859 Quc
589 3805 627 3844 ue
639 3799 712 3862 peut
725 3788 812 3863 point
824 3789 853 3848 le
865 3787 990 3865 poesie?
1002 3789 1055 3848 elle
1066 3789 1165 3850 enimc
1175 3791 1218 3852 les
1229 3791 1352 3854 urbm:
1369 3793 1406 3854 ils
1418 3805 1475 3854 out

429 3886 482 3948 des
495 3883 643 3948 eitcles'de
656 3888 714 3948 vie.

468 3981 485 4028 ³
509 3990 616 4062 Unice,
632 3973 830 4063 c'est-i-dire,
844 4013 930 4070 quem
944 3995 1027 4052 unice
1039 4015 1118 4054 aruo.
1231 4039 1233 4042 -
