3184 5346
330 577 334 588 .
407 525 477 622 278
523 513 1343 616 unsnbrsuouruosnsn’ovinc,
1397 517 1402 528 ’

454 687 549 772 Quae
563 698 690 762 tamen
702 697 748 758 ut
760 684 875 780 vidit,
892 685 1067 782 quamvis
1080 680 1176 756 irata
1187 703 1434 776 memorque,

408 816 578 893 Indoluit
595 847 602 892 :
618 819 841 918 quotiesque
853 843 950 917 puer
962 815 1204 911 miserabilis,
1222 813 1352 886 Eheu!

405 951 584 1050 Dixerat3
599 952 682 1026 haec
695 949 838 1026 resonis
850 952 1010 1026 iterabat
1024 947 1200 1046 vocibus,
1219 948 1351 1021 Eheu!

407 1087 581 1186 Cumque
594 1115 682 1165 suos
693 1091 869 1165 manibus
885 1100 1118 1186 percusserat
1130 1086 1195 1160 ille
1204 1069 1382 1179 lacertos,

406 1219 499 1296 Haec
511 1248 663 1322 quoque
672 1223 852 1299 reddebat
864 1221 1034 1296 sonitum
1048 1217 1237 1318 plangoris
1250 1212 1446 1290 eumdem.

307 1343 314 1357 ’
405 1353 550 1431 Ultima
562 1383 641 1432 vox
653 1358 800 1432 solitam
812 1354 888 1430 fuit
899 1355 982 1430 haec
995 1353 1196 1450 spectantis
1209 1352 1253 1425 in
1265 1348 1432 1442 undam,

407 1489 516 1568 Heu!
536 1492 677 1568 frustra
689 1493 823 1570 dilecte
835 1493 953 1593 puer!
974 1489 1209 1586 totidemque
1221 1485 1369 1562 remisit

407 1625 532 1701 Verba
543 1628 646 1702 lacus
658 1629 851 1728 :dictoque
862 1627 974 1724 Vale,
991 1627 1083 1700 Vale
1095 1625 1225 1724 inquit
1237 1637 1275 1699 et
1287 1621 1406 1698 Echo.

408 1761 476 1835 Ille
492 1777 605 1862 caput
619 1764 737 1840 viridi
752 1764 892 1838 fessum
908 1761 1083 1836 submisit
1098 1761 1141 1834 in
1158 1759 1276 1835 herbl
1293 1787 1301 1832 :

408 1899 574 1974 Lumina
587 1928 668 1976 nox
680 1901 840 1998 claudit,
859 1899 1008 1974 domini
1023 1895 1201 1972 mirantia
1215 1893 1404 1986 formam.¹

458 2033 559 2108 Tum
569 2060 722 2134 quoque
730 2061 784 2132 se,
794 2046 878 2132 post
887 2031 1003 2129 quim
1012 2043 1067 2104 est
1075 2027 1224 2104 inferne
1233 2025 1319 2100 sede
1327 2035 1519 2122 receptus,

408 2166 456 2242 ln
471 2169 595 2267 stygis
608 2172 795 2267 spectabat
808 2167 917 2266 aquil.
934 2165 1118 2241 Planxere
1131 2189 1275 2239 sorores
1291 2169 1300 2199 ¹

408 2302 562 2396 Naides,
579 2317 616 2378 et
628 2317 745 2378 sectos
758 2303 866 2378 fratri
880 2304 1040 2404 posuere
1053 2303 1217 2402 capillos.

408 2435 592 2513 Planxere
605 2451 643 2512 et
655 2439 823 2538 Dryades
837 2467 844 2512 :
856 2439 1117 2538 plangentibus
1131 2441 1287 2514 adsonat
1298 2439 1416 2514 Eeho.

409 2576 1526 2677 Jamquerogum,quassasquefaces‚feretrumque-parabant;

407 2712 604 2811 Nusquam
616 2740 752 2814 corpus
765 2729 843 2790 erat
854 2745 1044 2792 :croceum
1052 2743 1121 2815 pro
1136 2741 1292 2815 corpore
1304 2717 1437 2792 florem

407 2849 636 2952 Inveniunt,
652 2851 751 2927 foliis
764 2854 935 2928 medium
948 2855 1185 2952 cingentibus
1196 2856 1303 2930 albis.

495 3079 591 3159 XII.
623 3079 772 3153 Cultum
784 3059 937 3156 ¹Bacchi
951 3084 1145 3156 Pentheus
1161 3086 1359 3184 improbat.

331 3331 334 3337 ’
456 3309 670 3382 Cocnrrs
685 3335 745 3384 res
761 3263 935 3384 meritam
949 3309 1029 3384 vati
1041 3334 1110 3407 per
1124 3308 1311 3386 Achaidas
1324 3311 1439 3385 urbes

372 3419 375 3426 Κ
404 3436 592 3514 ¹Attulerat
603 3439 740 3518 famam
758 3469 767 3518 t
784 3468 1001 3542 nomenque
1016 3459 1096 3522 erat
1108 3448 1261 3546 auguris
1276 3449 1421 3545 ingens.

450 3639 459 3668 ¹
484 3637 540 3694 Les
558 3637 705 3708 Naiades,
724 3658 818 3697 soeurs
835 3639 872 3697 de
891 3642 1045 3711 Narcisso,
1067 3641 1112 3700 fils
1133 3643 1175 3702 du
1194 3642 1290 3703 lleuve
1310 3647 1442 3722 cephiso.

405 3741 495 3798 Selon
515 3741 625 3818 l’usage
643 3741 784 3820 religieux
803 3743 855 3800 des
874 3744 1022 3816 Araricus,
1044 3747 1085 3805 les
1106 3765 1214 3823 pareus
1230 3749 1282 3807 des
1299 3762 1395 3807 morte
1412 3769 1444 3807 se

404 3840 563 3917 coupeiem
580 3846 622 3902 les
638 3845 769 3904 cheveux
786 3865 824 3904 en
839 3846 920 3924 signe
930 3847 973 3906 'de
985 3847 1085 3919 deun,
1102 3861 1132 3910 et
1148 3851 1189 3914 les
1204 3851 1375 3929 depomient
1391 3873 1444 3913 sur

403 3945 469 4002 leur
486 3946 584 4008 tombs
597 3967 711 4009 comme
725 3970 767 4010 un
777 3953 896 4028 present
908 3949 1070 4010 snutraim.
